2504 4656
500 218 712 285 ..63-

68 368 233 433 isiodus
255 366 306 451 μή
327 373 524 455 περιιδεῖν
553 367 666 451 αὐτὴν
695 371 751 445 εἰς
779 375 854 433 πᾶν
876 366 995 434 κακὸν
1014 376 1142 454 προελ-

37 531 40 544 .
65 486 228 545 θοῦσαν.
266 490 336 565 apte
353 488 497 560 eonferas,
521 486 643 568 quaein
667 487 795 565 epistula
814 488 927 547 fatetur
948 487 1046 565 puella
1071 507 1138 564 per·

63 596 124 657 dite
148 615 257 682 amens
280 602 437 681 548⁸sqq.:

31 717 34 723 '
218 709 411 789 pugnavique
437 709 488 769 diu
510 709 644 770 violenta
666 709 821 788 Cupidinis
844 729 925 769 erma

150 888 153 895 ¹
221 819 352 894 effugere
374 820 482 880 infelix
505 826 534 880 et
556 818 623 897 pl'us
647 840 735 901 quam
756 822 836 879 ferre
858 820 987 897 puellam

144 998 147 1003 ,
220 950 308 1009 posse
329 936 425 1009 putes,
449 951 503 1006 ego
528 933 602 991 dura
624 932 696 991 tuli:
720 938 859 1009 superate
880 933 969 992 fateri

222 1061 313 1119 cogor
335 1062 480 1122 opemque
503 1048 583 1102 tuam
606 1043 717 1102 timidis
740 1063 900 1120 exposuere
923 1043 1011 1103 votis.

220 1159 255 1213 tn
276 1173 396 1214 servare
418 1159 513 1233 potes,
536 1160 569 1213 tu
591 1155 716 1233 perdere
739 1154 818 1213 solue
841 1162 998 1215 amantem.

31 1318 34 1326 .
55 1238 131 1325 snex
155 1284 194 1323 eo
219 1264 354 1325 insaniae
368 1266 567 1343 progreditur,
589 1272 624 1325 ut
638 1267 675 1324 ad
691 1267 890 1326 exeusandum
912 1267 1058 1325 incestum
1072 1266 1142 1324 deos

30 1375 40 1389 ‘'
58 1374 190 1462 invoeet
210 1380 303 1449 testes
326 1381 387 1437 554
403 1397 465 1457 sq:

37 1557 53 1578 ,Ι
77 1486 155 1569 qnid
177 1486 270 1577 lineet
290 1488 437 1579 neeeimus
457 1489 553 1548 adhue
576 1493 606 1547 et
628 1493 733 1548 ennete
754 1487 845 1547 licere

37 1600 42 1631 ·'
79 1597 235 1679 medimna
257 1605 293 1658 et
315 1599 509 1683 sequimur
530 1619 746 1675 magnorum
768 1600 941 1676 example
963 1598 1128 1661 deorum.

58 1712 88 1771 e
108 1715 206 1769 antea
226 1729 257 1772 v.
280 1710 421 1790 497Usq.:

457 1822 487 1881 di
510 1841 615 1900 nempe
639 1841 705 1883 suae
728 1823 859 1882 habuere
882 1841 1012 1883 sorores:

85 1910 89 1919 Ι
171 1930 216 1991 sie
237 1931 384 1993 Saturnus
408 1933 502 2012 Opem
524 1935 656 1993 iunetem
680 1933 737 1994 eibi
760 1933 904 2009 sanguine
927 1933 1021 2007 duxit,

78 2026 82 2035 ¹
172 2042 309 2103 Oeeenue
331 2044 458 2122 Tethyn,
481 2045 674 2104 Iunonem
695 2051 826 2105 reetor
849 2045 1012 2124 Olympi.

58 2174 131 2217 vero
156 2152 336 2215 Ovidienem
365 2175 429 2214 esee
458 2155 612 2217 lasciviam
634 2176 750 2229 omnes,
781 2163 815 2215 ut
836 2157 975 2230 arbitror,
1005 2177 1065 2216 nno
1089 2177 1140 2216 ore

60 2266 246 2327 elamabnnt.
290 2271 322 2325 at
350 2267 479 2345 praeivit
509 2273 597 2344 poeta
625 2267 862 2340 Alexandrinus,
896 2267 979 2327 euius
1011 2263 1140 2341 vestigia

31 2457 34 2464 Ι
62 2377 194 2439 retinnit
214 2378 339 2437 Nonnns
362 2377 450 2438 Dion.
472 2378 555 2437 XIII
572 2382 632 2436 550
648 2399 711 2459 sqq.
735 2379 787 2438 ubi
810 2380 845 2438 de
868 2379 985 2440 Cauno:

37 2504 40 2509 '
102 2480 193 2549 edne
216 2482 272 2568 γὰρ
295 2485 448 2569 δυσέρωτα
470 2484 652 2548 δολόπλοκον
674 2486 776 2548 iniens
798 2485 974 2567 μολπήνθθ)

99 2600 220 2681 pevile
241 2590 359 2680 οἶστρον
381 2597 455 2677 ἔχων
477 2594 659 2677 ἄδαήμονος,
683 2596 775 2661 οὐδὲ
797 2598 857 2660 uoti
883 2594 1002 2678 αὐτὴν

101 2684 318 2771 deterrimae
340 2704 555 2787 φιλότητος
577 2704 776 2788 ὄμοζήλων
799 2709 860 2772 ἐπὶ
881 2708 1048 2792 λέκτρων

105 2818 203 2899 qui
225 2818 519 2899 συναπτομένην
541 2819 731 2895 &pellgere
755 2816 1079 2904 σύγγονονἭρην.

57 2932 177 2995 redolet
206 2940 305 2993 entem
335 2940 429 2994 entem
451 2933 649 2994 Alexandrini
677 2935 777 2995 neseio
811 2935 894 2995 euius
915 2936 1047 3010 musiee,
1080 2958 1139 3017 qua

60 3044 181 3107 invenie
204 3044 353 3105 dominam
377 3046 482 3105 durem
512 3045 570 3105 sibi
593 3046 752 3106 eoneiliare
776 3046 944 3126 studet90).
989 3048 1060 3107 hino
1081 3049 1137 3124 igi-

62 3160 111 3219 lur
132 3156 272 3235 exempla
300 3156 353 3215 illa
382 3176 557 3231 magnorum
581 3158 715 3231 deornm,
744 3177 819 3238 quae
842 3179 879 3219 ex
902 3159 997 3219 altera
1018 3160 1138 3221 fabulae

62 3268 160 3329 imme
181 3266 327 3329 translata
342 3273 447 3342 argute
468 3268 501 3327 in
524 3288 610 3329 suum
624 3290 710 3328 usum
729 3269 877 3332 convertit
897 3269 1030 3331 Ovidius.
1065 3293 1135 3332 nam

65 3378 148 3439 illins
168 3380 245 3438 bene
268 3398 393 3455 gnarum
424 3399 454 3438 se
485 3399 548 3446 esse
571 3380 667 3458 perito
697 3381 778 3439 heud
807 3382 930 3441 obseura
954 3382 1135 3458 signifieavit

63 3508 91 3551 v.
104 3494 175 3549 Ι511
194 3510 255 3570 sq:

149 3600 174 3661 ei
198 3606 299 3661 tamen
320 3600 402 3679 ipse
425 3622 499 3661 meo
523 3607 659 3680 eaptus
681 3603 793 3679 prior
815 3609 915 3664 esset
936 3625 1078 3679 amore,

146 3712 273 3773 forsitan
295 3712 376 3771 illius
398 3732 515 3789 possem
537 3712 692 3788 indulgere
714 3715 817 3774 furori.
840 3749 882 3759 -

67 3812 271 3823 m

131 3846 176 3911 89)
194 3842 297 3911 μορφήν
314 3846 432 3894 traditum
450 3852 495 3895 est.
514 3861 577 3894 eorr.
596 3846 720 3896 Onneeus.

131 3929 176 3992 90)
196 3932 228 3978 ef.
247 3946 310 3992 qnae
327 3932 459 4010 Dilthsyue
478 3933 616 3993 composuit
634 3934 721 3995 jahrb.
743 3937 766 3984 d.
780 3935 878 3984 vereins
890 3951 916 3983 v.
928 3936 1137 3987 altertumssreun·

65 4015 163 4065 danim
179 4016 343 4066 Rheinlende'
361 4020 412 4066 vol.
430 4020 478 4066 LII
495 4015 586 4084 (1872)
605 4033 628 4079 p.
650 4022 691 4068 60.
