2504 4656
471 303 682 372 ..51-

60 461 130 521 tulto
154 461 246 535 magis
270 461 354 520 decet
385 444 463 540 quod
492 463 592 538 pueris
614 461 847 539 praeoipientem
876 460 950 520 facit
971 459 1031 532 ille,
1055 461 1109 519 etsi

60 573 115 631 ihil
145 579 299 649 praeterea
329 591 364 630 ea
386 572 422 631 de
443 573 619 646 rescimus,
651 590 740 653 quam
768 573 847 651 quod
869 572 963 631 Varro
988 571 1111 631 exhibet

60 704 127 758 inge
149 685 248 761 aptius
270 689 359 742 antea
380 688 584 743 memoratum.
629 683 681 742 sed
703 685 853 744 turbatam
876 682 1020 743 Varronis
1043 702 1110 742 nar·

60 795 186 855 ationem
215 796 274 854 iam
305 816 364 880 non
394 815 550 872 possumus
577 795 744 855 restituere.
791 801 895 855 contra
922 793 1045 870 dignum
1067 800 1113 854 est
1163 842 1166 847 .

60 908 190 981 tentione
213 908 293 986 quod
306 907 377 966 huic
399 909 539 966 debemus
554 907 736 981 Democlum,
760 907 919 985 Delphum,
942 912 976 965 ut
997 907 1043 968 ait
1058 908 1112 966 Oo-

60 1038 109 1092 on,
133 1019 280 1079 decimum
300 1019 391 1077 fuisse
420 1020 458 1076 ab
480 1018 629 1094 Apolline.
673 1018 806 1096 Delphos
835 1018 942 1077 multas
966 1036 1113 1083 commcn-

60 1151 85 1189 ›e
114 1151 178 1189 esse
199 1130 323 1189 fabellas
346 1151 380 1188 eo
405 1128 544 1201 consilio,
568 1135 602 1187 ut
631 1150 647 1187 e
669 1149 722 1187 suo
746 1129 865 1191 oraculo
888 1135 1039 1209 tamquam
1061 1150 1113 1208 pa·

60 1248 125 1301 ente
154 1247 253 1302 cetera
275 1239 421 1315 originem
451 1239 579 1299 traxisse
606 1241 783 1316 probarent,
815 1241 896 1301 inter
918 1261 1019 1301 omnes
1042 1262 1113 1301 con·

60 1358 101 1412 tat
118 1354 172 1431 (of.
195 1353 310 1411 Preller
332 1352 381 1410 Gr.
398 1352 495 1429 Myth.
514 1351 549 1409 Π
569 1370 598 1429 p.
621 1350 710 1426 182).
744 1356 833 1430 atque
855 1352 927 1412 hinc
948 1353 1036 1412 facile
1060 1374 1112 1414 ex·

62 1465 200 1525 licaveris
223 1463 353 1522 Branchi
376 1462 549 1539 progeniem
572 1481 590 1520 a
609 1461 754 1523 Strabone
776 1496 818 1506 -
840 1465 966 1523 fortasse
989 1485 1026 1525 ex
1049 1466 1115 1525 cel-

60 1576 172 1635 isthene
193 1595 293 1635 rerum
315 1576 351 1634 ab
365 1573 536 1633 Alexandro
551 1575 662 1648 Magno
678 1581 829 1648 gestarum
850 1576 1054 1653 scriptorem)
1071 1610 1113 1622 -

60 1687 182 1746 raditum
205 1687 252 1744 IX
274 1705 303 1762 p.
329 1689 405 1744 421:
444 1686 497 1742 τοῦ
524 1679 556 1742 δὲ
579 1681 760 1762 Μαχαιρὲως
791 1676 944 1765 ἀπόγονον
973 1679 1109 1766 Βράγχου

60 1793 117 1854 >ool
141 1790 193 1854 τόν
215 1787 457 1873 προστατήσαντα
486 1796 539 1854 τοῦ
565 1793 597 1856 ἒν
620 1788 766 1872 Διδύμοις
789 1795 877 1875 ἱεροῦ.
923 1799 959 1858 de
979 1800 1110 1861 Patrone

60 1909 252 1985 tEritharse,
277 1927 352 1988 quae
374 1908 494 1967 nomina
510 1909 595 1967 ambo
616 1908 756 1982 insonte,
780 1910 857 1969 uude
880 1914 910 1970 et
925 1910 1027 1969 Conon
1042 1912 1116 1969 han·

60 2019 85 2079 it
105 2024 136 2079 et
157 2020 261 2092 Varro,
285 2019 420 2079 extitisse
442 2026 579 2097 apparet,
603 2040 663 2078 non
685 2021 780 2079 habeo
804 2021 883 2100 quod
905 2021 1018 2081 addam.
1065 2023 1116 2080 sed

60 2150 97 2190 ur
118 2132 173 2190 hos
195 2131 228 2189 in
249 2149 309 2189 uno
332 2136 492 2208 conspectu
506 2130 730 2208 composuerim,
752 2131 855 2209 paucis
878 2132 951 2190 mihi
967 2152 1047 2192 nunc
1062 2154 1113 2195 ex·

114 2343 160 2408 72)
179 2344 210 2390 of.
223 2344 268 2404 frg.
284 2346 314 2392 36
328 2343 424 2391 Miiller.
455 2341 544 2390 Gelzer
555 2357 580 2403 p.
597 2345 635 2392 le.
665 2343 757 2391 nimiae
769 2343 898 2394 brevitatis
910 2345 1005 2393 studuit
1017 2345 1115 2406 Strabo,

60 2444 99 2477 nm
117 2430 209 2476 diceret
226 2429 287 2475 XIV
299 2444 323 2490 p.
337 2430 400 2477 634:
420 2424 529 2479 ἐνταῦθα
547 2424 577 2480 δὲ
594 2423 733 2492 μυθεύεται
749 2425 782 2480 τὰ
798 2426 856 2492 περὶ
873 2424 916 2491 τόν
929 2426 1053 2498 Βράγχον
1070 2429 1116 2484 καὶ

60 2504 87 2564 'io
105 2511 187 2578 ἔρωτα
204 2513 248 2565 τοῦ
266 2506 430 2572 Ἀπόλλωνος.
467 2518 574 2562 ceterum
599 2515 630 2562 de
648 2515 813 2565 'thessalo
831 2515 946 2563 Branoho
970 2518 1036 2577 apud
1053 2517 1116 2565 Lac-

60 2601 148 2648 autium
167 2603 198 2648 ad
217 2600 277 2648 Stat.
296 2600 373 2648 Theb.
393 2601 432 2647 111
450 2602 500 2648 478
525 2601 659 2661 disputatio
684 2601 773 2661 legitur
797 2616 875 2661 aeque
892 2603 966 2649 docta
990 2617 1020 2650 ae
1044 2603 1116 2653 foede

60 2692 159 2747 eorrupit
177 2687 203 2733 in
220 2687 302 2734 libris:
323 2687 458 2748 ,Branchus
476 2678 610 2735 Thessalus
629 2686 675 2732 tuit
693 2687 795 2734 dilectus
812 2687 938 2748 Apollini,
963 2692 991 2735 nt
1007 2689 1115 2750 Hyacin-

60 2764 102 2821 hus
127 2787 199 2832 quem
226 2772 313 2819 acriter
336 2770 491 2819 interfectum
516 2771 604 2819 dolens
628 2773 742 2831 sepulcro
760 2776 785 2819 et
801 2772 893 2831 templo
911 2773 1027 2822 sacravit.
1063 2775 1116 2823 illic

60 2848 212 2905 Branchisdes
231 2857 321 2916 Apollo
341 2856 437 2915 dicitur,
462 2856 509 2902 hoo
527 2856 597 2921 (sor.
617 2856 668 2917 hie)
686 2857 871 2913 †Zoamachon
895 2857 1011 2918 opinione
1029 2861 1116 2908 Metro-

60 2928 253 3003 bsi'periepetia·
270 2942 387 3011 condidit.
424 2941 455 2989 ab
474 2943 605 3002 Aethiopia
629 2957 707 3004 nsque
731 2942 881 3007 inLibyam
898 2943 946 2989 tria
964 2944 1064 3004 opinata
1081 2943 1115 3012 (l)

60 3030 137 3089 ampla
154 3034 169 3085 †
187 3029 309 3075 Triannus
329 3028 377 3091 (sio
395 3030 417 3075 A
436 3033 460 3074 ot
477 3028 515 3075 Ba
531 3029 632 3075 emamus
649 3029 699 3087 Bb)
718 3029 777 3076 solis
795 3029 821 3075 in
837 3028 995 3088 Aethiopiam
1012 3035 1050 3086 ††
1068 3031 1118 3079 hoc

60 3116 84 3156 st
105 3117 142 3163 ter
158 3114 284 3174 fulgentis.
320 3118 437 3173 quantum
456 3128 498 3172 per
517 3119 622 3161 ceteram
641 3119 731 3161 terram
749 3114 819 3161 ardet
836 3118 876 3169 ††
892 3113 1012 3163 inclinare
1029 3116 1116 3163 ultimo

59 3191 123 3246 ibrao
140 3200 206 3259 quod
225 3199 351 3258 sagittario
364 3198 486 3245 clauditur
503 3198 583 3258 signo.
618 3213 672 3247 esse
684 3199 812 3247 Ammonis
830 3198 963 3263 (amatas
979 3201 1072 3248 amonis
1082 3201 1116 3267 Β)

60 3287 164 3345 emplum
184 3285 251 3332 Iovis
270 3285 335 3330 intra
351 3284 471 3345 Aethiops
488 3284 571 3332 Indos.
597 3290 654 3332 sunt
672 3286 736 3332 enim
762 3290 793 3332 et.
819 3284 861 3345 qni
879 3282 1018 3346 (ethiopiae.
1043 3287 1116 3336 indos

61 3356 112 3419 nim
124 3377 182 3419 sunt
198 3371 240 3430 qui
257 3367 289 3436 A)
308 3369 532 3430 Pseudoaethiopes
552 3376 642 3417 vocant
657 3385 686 3417 ur
701 3375 724 3418 et
741 3370 834 3431 Libyas
852 3370 952 3419 ultimas
969 3385 1023 3419 esse
1039 3386 1116 3432 prope

60 3452 221 3503 tlexandrlam
239 3456 403 3503 Branchiadis
421 3455 462 3515 qui
475 3457 560 3503 Iovem
573 3456 714 3503 Branchum
726 3456 817 3503 colunt.
847 3459 929 3515 potest
940 3460 964 3503 et
980 3457 1041 3504 haee
1053 3457 1116 3504 deri-

60 3541 113 3588 'atio
131 3541 279 3601 religionum
292 3556 388 3588 currere
403 3540 436 3604 (i)
451 3541 515 3599 quod
532 3541 643 3598 Isthmia,
662 3555 724 3601 quae
739 3541 764 3586 in
779 3541 896 3587 honorem
914 3541 1023 3601 Neptuni
1041 3557 1117 3602 agun-

60 3633 95 3685 ur,
112 3629 237 3688 finguntur
249 3626 393 3674 Melicertia.
424 3640 481 3672 nam
494 3631 591 3673 constat
602 3627 753 3673 Melicertam
768 3626 800 3672 ab
814 3626 935 3686 Aethiope
947 3641 1004 3686 rege
1015 3641 1114 3689 suscep-

60 3718 107 3770 flm,
125 3702 179 3760 cum
192 3714 259 3772 (nam
271 3726 324 3757 cnm
335 3711 367 3775 A)
387 3712 489 3758 Boeotia
503 3710 573 3774 (sici)
588 3726 643 3758 oum
654 3712 754 3771 navigio
765 3712 872 3759 Isthmos
885 3708 916 3774 (i)
930 3712 1026 3760 delatus
1044 3719 1116 3761 esset.

60 3807 106 3845 lam
119 3804 143 3846 et
153 3798 315 3845 Archemoria
326 3797 521 3859 (antherum-iam
534 3796 617 3862 codd.)
629 3798 654 3843 in
666 3798 783 3844 honorem
796 3797 863 3844 Iovis
877 3796 1001 3846 celebrare
1018 3799 1113 3845 volunt.

60 3884 149 3930 >redunt
166 3885 230 3944 quod
248 3899 364 3944 magnum
383 3884 455 3932 fuerit
466 3884 533 3931 Iovis
551 3868 735 3931 incrementum’
752 3882 866 3943 agnoscis
884 3883 987 3932 disiecta
1004 3885 1116 3932 membra

60 3969 177 4016 tontinuae
195 3969 383 4028 explanationis,
402 3984 476 4028 quam
494 3968 569 4016 velim
588 3969 726 4028 sagaciores
739 3968 869 4016 restituant
880 3968 1008 4030 integram.
1027 3971 1115 4017 Metro-

60 4044 122 4102 lorns
147 4055 187 4116 qui
215 4055 283 4101 illam
302 4054 448 4114 conscripsit
473 4068 524 4100 non
548 4054 661 4102 diversus
678 4054 846 4102 videturesse
864 4069 879 4102 a
897 4053 997 4116 Scepsio
1016 4055 1116 4120 (Miiller

60 4129 118 4186 ifle
136 4143 171 4187 ΙΙΙ
193 4141 272 4202 tob).

860 4233 911 4299 ιμ’·
