2504 4656
516 255 558 266 ..
600 214 644 283 20
685 252 727 264 -

88 328 333 449 alesaciones.
357 375 527 436 observavit
542 374 709 434 Meiuelrius
725 372 769 451 (in
785 373 829 433 ed.
846 372 917 432 (1111.
933 393 962 450 p.
977 373 1059 451 239)
1074 372 1155 435 adia

89 491 152 551 tiva
175 483 487 551 11111ιοθέσσαοθαι
509 488 636 546 formata
659 505 724 546 oum
747 485 813 544 aliis
835 484 932 562 poetis
949 482 1156 545 Alexandrinis

88 607 151 661 tum
168 601 346 661 Callimacho
360 600 392 658 in
409 598 523 658 deliciis
538 599 630 657 fnisse
652 597 697 677 (in
712 599 809 657 Oerer.
827 601 885 668 483
908 597 966 671 frg.
988 597 1080 676 302).
1110 597 1157 656 hro
1195 576 1198 581 ¹

89 713 295 774 observatione
310 732 381 770 usus
397 710 458 770 iam
472 710 632 788 Dilthcyus
649 710 685 768 de
701 709 771 786 (lyd.
788 729 816 786 p.
835 713 883 768 86.
897 709 966 767 adn.
989 713 1017 767 1.
1058 709 1158 769 nusu-

89 824 153 884 lum
179 823 254 882 illud
277 821 455 882 Callimacho
478 821 690 882 vindicandum
721 841 784 880 esse
807 820 943 879 coniecit.
992 820 1073 900 quid
1095 818 1158 879 siis

90 940 194 994 nostra
215 934 310 1008 elegia
325 953 427 994 versus
451 932 582 992 clausula
603 930 680 991 fuit?
725 952 763 991 11
786 932 851 1011 quis
866 936 967 990 autem
983 931 1159 991 trochaicae

90 1065 240 1106 caesuram
271 1046 303 1104 in
334 1050 439 1125 quarto
463 1045 537 1122 pede
558 1043 745 1117 reformidet,
778 1063 882 1102 moneo
915 1062 994 1122 quae
1020 1042 1158 1103 clausulas

89 1157 241 1234 superstiti
263 1156 485 1227 antecesserint,
508 1155 628 1214 omnino
651 1175 706 1214 nos
725 1154 872 1228 ignorare.
917 1158 1012 1233 atque
1034 1156 1157 1234 profecti

88 1288 218 1328 summas
239 1286 429 1327 numerorum
452 1266 561 1327 artifex
583 1286 687 1325 sonum
708 1266 927 1326 intolerabilem
948 1266 1059 1347 aliquo
1084 1271 1167 1346 pacta.

89 1380 227 1454 mitigare
252 1382 283 1439 et
306 1379 423 1439 elevare
445 1377 553 1454 potuit.
591 1377 640 1454 (cf.
663 1377 764 1436 Naelre
788 1379 862 1437 Hec.
884 1398 912 1455 p.
931 1382 970 1436 32
989 1378 1051 1459 sq.)

176 1492 313 1550 Ceterum
344 1489 397 1549 vix
429 1488 623 1547 dubitandum
653 1494 711 1566 est,
741 1488 813 1568 quin
842 1489 874 1548 in
904 1489 1091 1567 appellando
1119 1467 1167 1549 illa

89 1607 223 1662 monstro
239 1600 409 1663 variaverit.
442 1600 633 1679 nequeenim
652 1619 729 1673 casu,
749 1601 772 1659 si
791 1601 862 1680 quid
879 1601 976 1673 video,
1001 1601 1159 1662 Pausanias

94 1707 192 1791 Ποινή
213 1714 292 1773 redit
314 1712 391 1790 apud
414 1711 593 1771 imitatorem
615 1715 780 1772 Romanum
804 1734 833 1774 v.
857 1714 937 1773 627:

238 1823 361 1885 Saevior
381 1823 414 1881 in
435 1822 560 1883 miseros
581 1823 651 1882 fatis
673 1823 836 1884 ultricis
858 1824 1016 1902 ademptae

237 1935 341 1994 Delius
361 1934 500 2008 insurgit.

173 2050 238 2107 lam
268 2066 339 2109 vero
371 2046 408 2105 ad
438 2046 566 2106 certiora
593 2066 640 2105 me
671 2052 852 2107 convertam.
897 2046 933 2106 de
955 2048 1066 2107 Poena
1095 2049 1161 2109 heca

90 2159 284 2239 comperimus
307 2179 334 2219 v.
352 2161 428 2217 ool:

241 2272 315 2330 haec
337 2274 397 2328 tam
419 2268 485 2328 dira
506 2269 570 2329 lues
593 2275 739 2330 nocturno
763 2271 898 2350 squalida
920 2289 1011 2349 passu

241 2379 336 2439 inlabi
357 2379 496 2438 thalamis
518 2380 691 2460 animasque
713 2401 730 2440 a
753 2382 845 2458 stirpe
867 2386 1003 2442 recentes

244 2492 380 2569 abripere
402 2491 539 2550 altricum
561 2491 681 2566 gremiis

92 2603 210 2679 egregie
233 2603 365 2663 concinit
382 2602 562 2662 Pausanias:
584 2596 693 2679 ταύτην
715 2596 784 2674 τούς
801 2603 910 2674 παῖδας
926 2595 986 2664 άπὸ
1003 2607 1067 2664 τῶν
1082 2598 1162 2683 μητί-

91 2737 153 2796 ρων
168 2711 259 2789 φασὶν
278 2705 462 2793 ἁρπάζεσθαι
473 2713 531 2792 10).
572 2715 764 2774 consentiunt
781 2736 882 2775 omnes
898 2718 1093 2777 referendum
1108 2719 1162 2777 hus

92 2847 156 2887 1111
177 2825 350 2886 Callimachi
370 2827 427 2900 frg.
443 2831 504 2885 424
527 2845 575 2902 ap.
599 2826 685 2900 areg.
702 2828 767 2887 Gor.
781 2827 872 2888 schol.
895 2827 926 2887 in
950 2830 1097 2905 Hermog.
1120 2850 1162 2908 ep.

92 2939 178 3001 Walz
199 2939 290 2999 rhett.
313 2937 415 2997 Graec.
437 2935 495 2997 vol.
519 2937 580 2996 VH
600 2957 629 3014 p.
649 2942 746 2999 1133:
769 2930 875 2997 αὐτίκα
895 2933 977 3018 παρὰ
999 2941 1042 3022 τῷ
1060 2941 1162 3000 Καλλι·

92 3044 174 3132 μάχῳ
196 3039 360 3128 εὑρίσκεται
381 3043 431 3108 ἐπὶ
452 3049 512 3106 τῶν
534 3039 743 3125 ἀπολλυμένων
764 3049 878 3126 νηπίων

410 3154 635 3235 ἔκονφίσθησαν
658 3154 690 3218 ot
710 3162 840 3238 τιθῆναι.

93 3293 214 3349 gramm.
227 3291 365 3349 anonym.
383 3271 419 3330 de
433 3270 616 3330 barbarismo
630 3271 710 3348 (post
721 3276 857 3333 Ammon.
874 3275 918 3333 ed.
938 3275 1039 3336 Valck.
1049 3297 1078 3354 p.
1095 3275 1160 3355 197)

94 3379 286 3463 άιινρολογία,
316 3376 381 3460 ἥτις
410 3377 476 3461 περὶ
508 3375 541 3442 vti
563 3375 780 3460 σημαινόμενον
809 3376 1012 3465 ἁμαρτάνεται.
1059 3391 1113 3467 τῆς
1133 3381 1160 3448 a

93 3496 200 3565 κακίας
222 3492 310 3574 μέρος
332 3489 393 3553 ἐστὶ
413 3490 464 3552 καὶ
489 3485 727 3575 ηάκυρολογίοι,
753 3487 793 3566 ὥς
816 3490 896 3577 παρά
919 3499 960 3580 spi
984 3495 1159 3583 Καλλιμάχῳ

94 3603 144 3668 ἐπὶ
165 3608 224 3665 τῶν
247 3600 439 3682 ἀπολομένων
460 3605 576 3682 νηπίων

242 3711 368 3796 μητέρας
390 3712 576 3790 ἒξειιένωσαν,
598 3711 781 3792 ἐκούφισσαν
804 3715 834 3778 δὲ
856 3714 994 3798 τιθήνας·

93 3821 265 3890 τούναντίον
286 3823 352 3910 γάρ,
376 3823 525 3908 ίβάρνναν
546 3819 740 3900 άπολέσαντες
753 3822 788 3889 τά
810 3823 860 3889 ὕπ’
880 3827 979 3891 αὐτῶν
996 3830 1161 3914 τρεφόμενα

93 3938 199 4022 βρέφη·

163 4094 207 4159 30)
223 4094 339 4156 explicuit
355 4095 503 4143 Welokerus
521 4097 538 4141 1.
557 4096 573 4141 l.
591 4110 615 4154 p.
634 4097 674 4144 17.
