2504 4656
542 245 730 338 *l-

226 403 318 462 altera
338 402 504 480 Pygmaeae
525 405 618 463 fatum
640 405 807 465 miserabile
828 406 931 465 matris

226 532 295 589 pars
316 515 419 575 habet:
441 515 517 574 hanc
539 517 613 575 Iunc
634 514 745 576 vietam
767 516 925 576 certamine
954 516 1041 577 iussit
1078 493 1081 500 .

233 644 296 684 esse
319 644 421 700 gruem
443 626 619 706 populisque
641 626 701 686 suis
723 627 855 688 indicere
877 629 997 688 bellum.

96 735 164 794 sine
190 736 278 795 dubio
301 736 374 795 Boei
401 737 598 796 narrationem
625 737 764 814 respexit.
811 737 925 815 regium
954 757 1062 798 nomen
1087 738 1174 798 nobis

97 866 137 904 cx
157 845 281 905 Aeliano
303 846 362 905 iam
377 851 478 906 notum
495 848 575 907 baud
588 850 711 908 obscure
735 848 882 924 signifieat
903 871 931 910 v.
948 855 1014 923 92„
1037 851 1173 926 Mopsum

98 957 232 1029 filiolum,
255 958 291 1016 de
306 977 363 1037 qne
385 959 495 1017 multus
518 961 563 1018 est
574 959 752 1032 Antoninus,
775 959 924 1036 cognitum
949 941 1007 1020 sibi
1029 980 1092 1020 esse
1106 980 1173 1021 ver·

97 1068 146 1127 bis
168 1068 342 1148 ,Pygmaeae
364 1067 474 1128 matris’
502 1069 684 1144 subindicat,
717 1072 753 1129 de
774 1071 940 1131 inimicitiis
967 1071 1047 1131 inter
1069 1091 1170 1146 gruem

94 1179 319 1257 Pygmaeosque
342 1180 489 1240 consentit
511 1200 576 1239 cum
598 1183 752 1241 Athenaeo
775 1181 900 1241 Aeliano
925 1183 1087 1243 Antonino.
1124 1184 1170 1243 di·

96 1293 175 1348 serte
197 1289 280 1348 addit
308 1293 455 1350 esttamen
472 1289 610 1354 ,Geranae
640 1312 705 1351 eum
728 1293 854 1367 Iunone,
887 1295 965 1372 quod
985 1298 1089 1378 stupor
1112 1297 1169 1355 Ae-

94 1400 170 1459 liani
199 1400 287 1477 plane
315 1421 539 1461 commemorare
566 1402 780 1478 praetermisit,
812 1408 930 1464 auctore
961 1412 1039 1467 certe
1067 1409 1169 1466 eodem

93 1514 183 1572 Boeo.
229 1514 348 1571 tandem
369 1512 463 1588 igitur
492 1512 690 1573 narrationem
719 1516 875 1574 accedente
897 1517 1013 1576 Nasone
1035 1517 1068 1576 in
1089 1520 1168 1578 hune

94 1625 159 1683 fere
180 1624 299 1684 medum
320 1623 391 1683 licet
412 1623 604 1687 concinnare:

171 1735 296 1815 ,Gerana
313 1736 525 1812 Pygmaeorum
548 1736 651 1812 regina
673 1736 731 1796 fuit
753 1757 874 1814 corpore
895 1737 1011 1815 pulcro,
1033 1739 1168 1817 superbis

94 1845 235 1906 moribus.
279 1851 378 1906 tamen
401 1847 480 1906 cives
503 1867 567 1907 eam
595 1852 737 1927 tanquam
763 1848 958 1908 immortalem
986 1852 1168 1910 veneraban-

96 1961 154 2017 tur.
184 1957 276 2017 nimio
297 1959 403 2017 horum
426 1958 506 2019 cultu
527 1958 631 2018 inflata
653 1960 722 2018 deos
745 1964 932 2019 contemnere
954 1961 1060 2038 coepit,
1082 1981 1166 2037 prae-

93 2068 197 2128 sertim
219 2069 373 2128 Innonem.
417 2090 483 2128 eum
506 2089 544 2128 ex
560 2069 772 2130 Nicodamante
793 2071 918 2147 coniuge
938 2071 1004 2132 viro
1025 2071 1167 2133 mediocri

93 2185 185 2260 atque
207 2182 337 2240 modeste
359 2181 453 2239 filium
476 2180 641 2258 peperisset
663 2183 808 2258 Mopsum,
830 2182 972 2259 Pygmaei
994 2183 1165 2242 laetabundi

92 2292 240 2368 permulta
263 2292 339 2350 dona
361 2291 499 2351 natalicia
521 2292 549 2350 ei
571 2296 772 2368 apportarunt.
816 2296 887 2353 tunc
908 2292 1017 2353 maiore
1033 2293 1164 2353 insolen-

88 2402 133 2462 tia
161 2407 245 2479 capta
272 2401 502 2479 pulcritudinem
529 2423 610 2462 suam
639 2423 676 2462 ne
707 2424 772 2464 oum
793 2403 908 2464 Venere
939 2403 1059 2484 quidem
1086 2424 1164 2463 eom-

89 2514 252 2591 parabilem
287 2513 372 2573 vanis
406 2513 515 2575 extulit
543 2514 680 2575 laudibus
709 2518 912 2595 Iunonemque
947 2517 984 2575 ad
1016 2521 1164 2576 certamen

89 2629 230 2702 proterve
258 2625 440 2701 provocavit.
485 2625 564 2686 vieta
586 2646 602 2685 a
624 2627 679 2686 dea
701 2627 824 2687 victrice
845 2627 879 2687 in
901 2647 1003 2703 gruem
1024 2647 1165 2687 conversa

90 2741 145 2796 est.
188 2737 240 2795 sed
262 2735 407 2796 desiderio
437 2736 561 2797 infantis
590 2742 723 2814 permota
745 2738 861 2815 regiam
889 2738 978 2798 anxie
1001 2739 1162 2798 circumvo-

88 2848 180 2921 lavit,
203 2848 296 2907 donec
318 2847 519 2924 aPygmaeis,
543 2867 616 2926 quos
638 2847 782 2924 pristinae
804 2847 924 2926 reginae
944 2848 1162 2909 inimicissimos

88 2958 259 3018 reddiderat
280 2959 349 3031 dea,
380 2958 413 3018 vi
440 2958 558 3035 repulsa
587 2964 638 3020 est.
682 2959 754 3019 hinc
775 2965 861 3019 natae
888 2959 1062 3020 inimicitiae
1084 2961 1162 3037 Pyg-

88 3089 238 3129 maeorum
261 3089 326 3129 eum
346 3068 485 3145 gruibus!
528 3074 651 3147 apparet
669 3071 767 3130 fictam
789 3091 852 3130 esse
868 3071 1006 3144 fabulam,
1027 3075 1062 3130 ut
1076 3090 1162 3130 cansa

87 3181 134 3241 rei
154 3181 224 3241 inde
246 3183 282 3240 ab
298 3180 422 3241 Homeri
445 3181 626 3259 temporibus
643 3181 686 3260 (Γ
697 3189 714 3242 3
726 3184 804 3263 sqq.)
826 3182 1017 3261 pervulgatae
1039 3183 1098 3243 alte
1115 3202 1160 3242 re·

89 3293 289 3372 petereturl).

162 3430 187 3495 9)
206 3431 313 3478 conflari
329 3430 495 3477 narrationem
514 3443 527 3477 a
544 3433 658 3490 quattuor
675 3431 842 3490 scriptoribus,
860 3446 909 3479 non
927 3444 975 3491 quo
992 3445 1161 3481 asseverarem

86 3518 162 3564 talem
181 3519 245 3577 apud
264 3519 363 3578 poetam
380 3517 469 3576 fuisse,
498 3517 541 3564 sed
560 3518 657 3576 qualem
674 3521 734 3577 puto
752 3521 847 3564 tantmn
865 3533 914 3565 non
931 3518 1040 3566 extitisse
1057 3518 1083 3566 in
1101 3533 1159 3579 syn·

87 3607 195 3662 tagmate
212 3604 255 3651 ille
278 3602 528 3650 transformationem.
556 3607 746 3649 consentaneum
764 3603 842 3650 estin
860 3605 963 3664 singulis
975 3605 1086 3652 variasse
1103 3619 1159 3653 eum

87 3688 129 3748 qui
141 3687 243 3735 Oeneen
259 3702 304 3749 pre
323 3687 421 3735 Gerana
437 3688 533 3735 induxit
550 3715 583 3723 -
600 3689 703 3736 forsitan
721 3688 776 3748 quis
794 3689 824 3736 de
835 3688 993 3750 Euphorione
1012 3690 1157 3750 cogitaverit

86 3788 142 3820 cum
160 3773 283 3822 Meinelrio
302 3774 386 3822 Anall.
404 3774 476 3823 Alex.
496 3786 521 3833 p.
535 3775 574 3822 20.
603 3774 646 3821 sed
663 3777 780 3833 quantum
794 3773 850 3822 huie
864 3774 962 3822 fabulae
979 3776 1158 3824 Antoninianae

85 3861 261 3908 vindicandum
280 3859 318 3919 sit,
338 3864 455 3918 quantum
465 3860 540 3919 Boeo,
559 3875 631 3908 nemo
643 3860 715 3909 hodie
728 3859 870 3920 dignoscere
884 3866 972 3922 potest.
982 3888 1015 3896 —-
1033 3861 1158 3910 simillima

86 3951 185 3993 nostrae
204 3950 241 3993 est
258 3946 443 4005 transfiguratio
456 3947 602 4007 Antigonae,
621 3961 694 4006 quam
712 3945 816 3994 Ovidius
832 3948 874 3996 l.l.
893 3953 950 4008 apte
967 3948 1098 3997 subiunxit
1124 3950 1155 3996 ef.

86 4032 157 4079 Serv.
176 4032 207 4078 ad
225 4031 300 4091 Verg.
318 4032 379 4078 Aen.
398 4031 411 4077 I
430 4032 460 4080 27
486 4032 518 4078 ad
543 4031 743 4093 Georg.11320
768 4028 832 4099 (cod.
851 4031 893 4097 G.)
916 4034 989 4082 aliter
1013 4035 1156 4084 Lactantius

86 4117 207 4165 Placidus.
