2504 4656
566 254 780 323 ,36-

264 416 345 496 quid,
366 413 426 475 nisi
447 418 577 475 secretae
598 415 748 474 laeserunt
769 412 910 492 Phyllida
932 413 1108 492 silvaet⁴⁹)

308 533 387 588 certa
409 526 491 586 necis
513 547 600 586 causa
622 532 681 587 est:
702 525 875 586 incomitata
897 525 964 586 fuit.
991 540 995 545 ’

260 638 323 699 ibat
344 643 378 699 ut
398 639 501 698 Edono
523 640 655 698 referens
677 637 826 698 trieterica
848 638 962 698 Baccho

306 749 350 809 ire
372 750 448 810 solet
468 749 543 809 fusis
565 751 690 809 barbara
711 751 798 809 turba
819 748 918 823 comis,

259 867 289 921 et
310 863 406 935 modo,
428 882 487 940 qua
507 866 632 937 poterat,
655 862 776 937 longum
798 861 952 938 spectabat
971 860 1005 920 in
1027 878 1147 940 aequor,

309 972 442 1033 nuncin
463 973 607 1031 harenosa
629 972 705 1031 lassa
726 972 842 1032 iacebat
862 973 960 1032 humo.

258 1085 379 1165 ‘perfida
399 1084 592 1159 Demophoon
602 1083 617 1142 l
639 1085 741 1143 surdas
763 1083 908 1143 clamabat
928 1084 966 1143 ad
988 1084 1092 1156 undas,

306 1201 453 1274 ruptaque
476 1194 610 1270 singultu
630 1196 722 1254 verba
743 1194 894 1275 loquentis
916 1199 1012 1277 erant„
1052 1212 1055 1217 ’

22 1287 24 1291 ¹
129 1308 262 1367 Bacchae
285 1306 419 1366 habitum
440 1325 500 1366 non
523 1307 559 1365 de
582 1325 634 1365 suo
656 1305 805 1365 addidisse
832 1310 905 1382 puto
928 1305 1103 1366 Callimachi
1125 1305 1200 1383 p'edi·

126 1438 257 1498 aequam.
291 1419 328 1477 cf.
344 1416 475 1476 Dioscor.
500 1420 535 1475 A.
552 1417 584 1476 P.
608 1416 667 1476 VII
685 1421 755 1490 485,
779 1422 872 1498 3sq.:

258 1524 310 1588 ucri
332 1520 565 1608 περιδινήοασθε
588 1528 704 1606 μακρῆς
726 1519 901 1608 οἷνελίγμανο
923 1527 1023 1607 χαίτης

306 1636 494 1719 Στρυμονίην
517 1632 622 1713 ἄφετοι
645 1632 773 1709 Θυιάδες
795 1631 873 1717 ἀμφὶ
896 1633 992 1700 πόλιν.
1089 1664 1093 1673 ’

129 1750 262 1830 (Lobeck
277 1751 422 1827 Aglaoph.
444 1771 473 1828 p.
487 1757 547 1809 289
561 1752 647 1830 sqq.).
686 1748 722 1810 de
744 1751 844 1811 verbis
868 1752 988 1833 ‘perfide
1001 1750 1201 1830 Demophoon'
1228 1768 1231 1777 ·

128 1868 215 1923 antea
238 1862 371 1922 disserui.
415 1863 465 1922 hie
488 1863 592 1921 addam
613 1861 646 1921 in
664 1862 858 1940 Procopianis
881 1861 939 1942 (ep.
958 1862 1011 1942 86)
1033 1856 1200 1943 rdv'Asppc·
1231 1878 1235 1883 '

127 1976 231 2049 φοῖντα
247 1974 387 2044 καλοῦσα,
406 1965 459 2033 τόν
475 1965 580 2032 ἄδικον
598 1969 711 2032 ἐκεῖνον
728 1970 790 2033 nul
807 1965 966 2054 οἷντερᾶν
985 1966 1055 2034 οὖν
1075 1969 1200 2036 εἰδότα

127 2087 216 2166 (quae
238 2085 347 2162 partim
370 2089 546 2161 repetuntur
568 2104 613 2161 ep.
631 2090 668 2145 3:
697 2083 819 2165 οκλημοί
840 2105 916 2155 τινες
938 2077 1024 2163 datie
1044 2083 1112 2146 aut
1140 2082 1200 2146 oie-

123 2202 187 2274 'rsp
197 2198 241 2256 οἷν
263 2190 333 2256 οὐκ
356 2189 518 2273 εἰδότες)
542 2196 631 2255 etiam
652 2196 757 2257 ultima
772 2196 836 2257 sine
851 2197 942 2258 dubio
957 2197 1140 2260 Callimacho
1155 2201 1201 2259 de·

124 2307 197 2367 beri.
242 2309 279 2367 cf.
303 2307 390 2368 Ovid.
414 2327 460 2383 ep.
482 2307 514 2365 11
538 2312 596 2368 28:
646 2320 648 2326 '
761 2314 764 2319 '

255 2425 285 2478 at
306 2423 339 2477 tu
361 2417 459 2476 lentus
482 2419 559 2490 abes,
583 2437 637 2477 nec
657 2424 687 2478 ta
709 2419 805 2480 iurata
827 2420 973 2481 reducunt

294 2529 425 2601 numina,
448 2547 513 2587 neo
534 2533 665 2588 nostr'o
687 2533 806 2589 motus
827 2550 947 2592 amore
968 2526 1087 2595 redis.

60 2627 62 2630 ¹
124 2642 177 2701 sed
198 2639 328 2699 numeris
349 2639 402 2698 illa
424 2641 563 2716 adaptare
586 2659 640 2714 ego
663 2639 783 2720 quidem
813 2643 945 2719 despero.
986 2645 1200 2724 pedetemptim

124 2753 183 2811 iam
210 2749 388 2827 transgressi
410 2770 509 2811 sumus
531 2752 568 2810 ad
590 2751 669 2828 ipsas
690 2751 839 2831 Phyllidis
861 2754 1009 2833 querelas,
1040 2775 1117 2834 quas
1137 2760 1222 2835 post.

128 2862 372 2923 exclamationem
394 2862 481 2921 istam
496 2860 606 2939 νυμφίε
621 2855 806 2939 Δημοφόων,
828 2855 914 2924 idlae
932 2860 994 2936 ξένε
1016 2866 1200 2936 continuatas

123 2974 216 3035 fuisse
239 2973 402 3052 probabilis
425 2978 469 3033 est
491 2973 628 3050 suspicio.
673 2993 769 3054 neque
792 2994 846 3051 ego
868 2977 1054 3052 refragabat,
1085 2978 1197 3060 siquis

123 3106 162 3146 ex
183 3086 244 3145 illis
267 3106 355 3146 unam
377 3086 537 3145 alteramve
559 3084 703 3162 epistulae
720 3107 790 3146 suae
805 3088 840 3146 ab
857 3086 965 3149 ovidio
986 3086 1124 3151 intextas
1138 3102 1196 3151 esse

123 3198 267 3270 statuerit,
289 3199 375 3256 modo
399 3196 562 3273 supersint,
585 3217 660 3275 quae
682 3202 752 3274 apte
774 3200 970 3260 conferantur.
1014 3220 1052 3260 an
1075 3201 1133 3263 hcc
1153 3218 1193 3283 ar·

121 3306 214 3367 tifiaio
236 3327 306 3366 usus
336 3312 381 3367 est
409 3312 510 3385 poeta,
539 3312 574 3368 ut
601 3308 734 3393 puellam?
758 3309 894 3385 pluscula
923 3313 959 3370 de
980 3311 1191 3392 Demophontis

123 3418 296 3478 commercio
318 3419 429 3479 faceret
450 3417 639 3478 narrantem?
669 3419 753 3478 vides
769 3440 876 3496 magno
891 3420 1079 3485 incommodo
1097 3429 1188 3486 nostm
1241 3455 1243 3473 ι

121 3529 194 3588 haec
217 3529 314 3588 omnia
329 3530 482 3590 fluctuare.
527 3549 564 3590 ne
587 3550 624 3589 ex
642 3531 786 3608 Procopio
807 3531 926 3611 quidem
949 3534 1027 3594 salus
1048 3524 1187 3615 peli'pot·
1240 3517 1243 3574 3

189 3764 232 3834 49)
250 3769 372 3817 antecedit
388 3769 509 3816 distichon
527 3768 587 3818 hoo:

273 3868 370 3914 semper
388 3854 452 3901 habe
469 3855 579 3916 Pyladen
596 3857 711 3918 aliquem,
728 3858 770 3917 qui
787 3861 855 3905 curet
872 3857 999 3906 Orestem:

325 3940 365 3986 hic
380 3954 476 4000 quoque
494 3941 613 3989 amicitiae
632 3957 681 3990 non
698 3944 761 3991 levis
783 3958 841 3992 usus
859 3944 912 3991 erit.

120 4023 185 4082 quod
202 4023 228 4070 in
246 4026 389 4073 memoriam
416 4031 517 4073 revocat
533 4027 693 4086 pulcerrimos
712 4027 856 4076 Callimachi
875 4044 963 4078 versus
982 4029 1024 4096 (fr.
1038 4031 1082 4098 67)
1100 4030 1184 4095 Ομᾶίμ·
1241 4052 1243 4087 ι

119 4123 166 4169 pae
184 4123 279 4157 summa
297 4124 351 4157 cum
368 4112 451 4170 specie
468 4112 522 4159 veri
540 4113 671 4162 attributos
689 4129 704 4160 a
720 4114 847 4176 Diltheyo.
