2504 4656
17 48 30 251 l
718 200 727 217 .

12 254 29 349 l
503 311 546 324 -
590 274 632 342 aa
675 308 717 321 -

10 370 23 499 d
68 414 91 504 ἦ
123 422 195 506 μὴν
226 421 274 500 οἱς
305 423 382 508 ἥξει
412 423 522 490 πάλιν
553 429 712 502 ἐλπίδας
742 426 883 502 διδούς.
927 434 1002 492 adde
1025 439 1146 510 ep.94:
1241 457 1242 460 ¹

12 548 21 603 “,
66 536 113 600 ἔτι
136 541 241 624 σιμᾷςς
264 538 306 600 ἔτι
328 543 388 601 τοῖν
411 535 637 621 ἀπερριμμένων
655 535 756 620 ἦμεῖςς
779 539 851 604 οὐδὲ
868 560 899 604 σε
921 545 1054 604 παλαιῶν
1077 537 1148 625 ἐροί-

10 658 20 697 -’·
64 673 128 711 των
151 645 333 730 ὖπεισῆλθεν
356 646 462 725 οὖδένς
486 647 590 730 νηλεής
613 652 651 712 σύ
667 651 699 734 μέ
716 675 760 724 τις
780 651 832 714 καλ
854 647 1011 732 οἷμείλιχος.
1056 649 1146 715 οἶνοί·

17 780 26 847 ¹.
64 759 165 840 λαβέ
192 785 255 840 μοι
278 757 344 841 τὴν
366 758 530 840 μνήμην,
563 757 609 834 ὥς
632 759 702 824 οὐκ
725 760 784 825 ἐπὶ
815 759 1013 836 τοιαύταις
1044 759 1147 843 ἡμῶν

64 868 219 961 ἀπῆρας
241 872 413 943 ἐλπίσιν,
437 865 512 934 ἄλλ’
536 868 718 953 ἐδάκρυες
740 871 805 952 μὲν
826 873 933 952 οἴμοι
955 873 1018 936 καὶ
1039 872 1146 954 μόλις

10 966 41 1067 s:
64 979 243 1064 σἰπήρχου
267 978 407 1065 [γράψειν
430 980 462 1044 δὲ
487 979 647 1066 οἱμολόμεις
670 988 778 1067 μικροῦ
802 985 864 1045 δεῖν
886 984 935 1046 καὶ
955 983 1026 1068 πρὶν
1042 985 1145 1066 ἐπιβῇ-

10 1108 20 1133 ·“
62 1116 116 1156 νσιι
135 1097 186 1173 τῆς
200 1096 283 1176 γῆς]·
299 1093 365 1156 νυνὶ
385 1091 417 1156 δὲ
431 1095 537 1174 οἴχεται
555 1094 607 1174 μὲν
626 1095 731 1172 ἐκεῖνα,
755 1100 871 1180 σιωπᾷς
889 1093 921 1157 δὲ
939 1092 1040 1175 μόνον,
1063 1091 1146 1176 ἡμῶν

10 1206 34 1279 ἰ-
62 1201 99 1267 di
120 1200 209 1287 λόγος
232 1200 339 1278 οὐδείς.
384 1211 457 1268 haec
474 1209 553 1269 enim
574 1231 590 1268 a
608 1208 761 1285 Procopio,
785 1209 833 1269 cui
854 1229 916 1270 mos
940 1215 992 1284 cst,
1016 1221 1050 1271 ιιι
1066 1213 1146 1291 quod

10 1310 36 1379 ’τ’
61 1320 158 1380 semel
174 1320 413 1380 commemoravit
431 1341 525 1400 usque
544 1322 581 1379 ad
597 1321 727 1380 taedium
744 1324 866 1398 repetat,
889 1322 1062 1382 adumbrata
1081 1341 1145 1382 esse

10 1428 36 1523 ξ
61 1448 80 1490 e
106 1430 343 1508 praeclarissimo
366 1431 529 1508 exemplari
552 1432 735 1492 crediderim.

10 1520 36 1621 5
152 1542 299 1618 Sponsum
318 1542 463 1618 perfidum
484 1543 595 1602 frustra
617 1543 789 1619 expectavit
807 1542 908 1619 puella
929 1543 963 1601 in
979 1563 1059 1603 mare
1077 1563 1143 1621 pro·

30 1646 49 1741 '²'
63 1653 205 1731 spiciens,
229 1674 299 1712 num
321 1652 407 1713 navis
430 1655 530 1714 Attica
552 1656 734 1715 adventaret.
778 1654 914 1714 inlustris
937 1656 1010 1714 haec
1033 1656 1144 1732 elegiae
1183 1681 1186 1688 ·

61 1785 150 1845 pars,
183 1786 270 1845 quam
293 1764 391 1843 usqn‘e
409 1767 445 1824 ad
464 1765 566 1824 infima
588 1765 776 1845 antiquitatis
806 1771 939 1843 tempora
960 1772 1006 1827 tot
1026 1775 1077 1826 aut
1098 1787 1144 1827 re·

38 1881 231 1954 jspexerunt
253 1881 304 1936 aut
325 1876 434 1936 imitati
457 1883 526 1936 sunt
548 1878 723 1954 scriptores,
755 1884 787 1938 ut
808 1897 879 1955 prae
901 1879 1007 1939 ceteris
1029 1879 1142 1938 ambitu
1181 1925 1183 1929 1

36 1992 39 1997 '
67 1995 99 2050 et
121 1987 324 2066 pulcritudine
347 1989 488 2048 enituisse
511 1990 684 2048 sumendum
705 1990 752 2049 sit.

154 2098 243 2161 ovid.
272 2104 326 2158 121
345 2110 427 2179 sq'q.:

172 2213 283 2270 maesta
306 2215 403 2271 tamen
427 2211 562 2288 scopulos
585 2211 784 2290 fruticosaque
805 2211 907 2271 littora
928 2213 1008 2273 calco

220 2340 338 2401 quaque
360 2328 464 2398 patent
486 2323 578 2382 oeulis
601 2342 729 2402 aequora
750 2323 809 2383 lata
831 2323 975 2402 meis45).

172 2431 237 2494 sive
260 2432 307 2492 die
329 2434 447 2494 laxatur
468 2436 575 2494 humus
597 2455 650 2494 seu
670 2428 781 2511 frigida
802 2435 904 2496 lucent
997 2452 1000 2457 ’

163 2544 167 2552 ’
215 2545 320 2618 sidera,
341 2546 500 2623 prospicio,
524 2546 590 2625 quis
612 2548 688 2605 freta
710 2551 817 2606 ventus
840 2554 922 2623 egat3

171 2661 203 2717 et
225 2677 428 2737 quaecumque
450 2659 553 2734 procul
574 2657 726 2717 venientia
748 2657 840 2717 lintea
862 2658 935 2731 vidi,

213 2771 350 2846 protinus
371 2770 423 2828 illa
446 2790 526 2829 meos
548 2789 675 2845 auguror
698 2789 760 2829 esse
783 2772 861 2830 deos.

169 2881 202 2941 in
224 2884 301 2942 frete
322 2901 460 2959 procurro
483 2881 537 2940 vix
559 2901 605 2940 me
627 2881 825 2941 retinentibus
846 2881 943 2954 undis,

214 2994 323 3053 mobile
346 3013 403 3072 qua
425 2993 534 3069 primas
557 2992 684 3069 porrigit
704 3012 814 3071 aequor
835 3013 934 3072 aquas.

30 3136 34 3153 ι
108 3179 112 3185 .
171 3125 230 3184 quo
252 3105 346 3181 magis
368 3106 519 3177 accedunt,
543 3103 641 3163 minus
663 3109 693 3163 et
715 3103 811 3164 minus
833 3103 917 3164 utilis
939 3106 1037 3165 adsto:

214 3216 334 3295 linquor
357 3221 388 3276 et
409 3215 525 3275 ancillis
548 3215 725 3292 excipienda
748 3217 828 3276 cado.

20 3344 23 3349 '
51 3327 182 3408 egregie
203 3326 310 3386 iterum
334 3327 482 3387 consentit
497 3326 659 3403 Procopius
676 3347 722 3404 ep.
737 3331 791 3386 18:
813 3322 923 3403 κέχηνα
945 3327 981 3410 τῇ
1000 3320 1134 3411 θαλάττῃ

13 3468 16 3473 ·
49 3439 109 3517 acal
134 3439 309 3517 περισκοπῶ
328 3431 380 3508 cde
398 3429 536 3509 ὁλκάδας,
560 3435 657 3496 εἴποτε
674 3432 809 3516 παρόντα
825 3431 981 3533 θερὶσομαι.
1015 3458 1062 3515 ep.
1077 3444 1135 3511 86:

10 3550 15 3619 s
52 3551 164 3614 uetitos
185 3544 293 3626 κέχηνα
315 3546 368 3626 μέν
389 3547 423 3628 μέ
445 3567 501 3608 σου
523 3552 585 3618 τοῖς
605 3542 755 3628 γράμμασι
780 3543 830 3608 καὶ
853 3542 930 3629 πρὸς
951 3541 1004 3625 τὴν
1026 3542 1135 3609 θάλατ-

51 3783 117 3847 ptiis
135 3780 251 3829 infaustis
268 3778 372 3828 Ovidius
388 3781 496 3840 puellam
514 3783 655 3839 querentem
678 3780 737 3826 facit
753 3794 780 3826 v.
795 3782 842 3828 115
855 3793 908 3839 sqq·
926 3780 985 3829 satis
1003 3781 1062 3828 trita
1079 3796 1134 3830 sen·

10 3874 20 3917 .-¹·
52 3868 195 3919 tentiarnm
212 3866 403 3914 conformatione
421 3881 489 3914 usus.

10 3948 25 4047 k
130 3953 177 4014 45)
195 3951 264 3999 codd.
283 3951 409 4014 ‘quaeque'
428 3958 452 4000 et
469 3953 526 4016 ⁴lata
544 3951 629 4000 litora'.
665 3966 752 3999 verum
770 3952 909 3999 coniectura
928 3953 1057 4000 inventum
1074 3954 1133 4013 legi·

10 4058 27 4107 p
52 4036 98 4089 sur
115 4038 144 4086 in
163 4035 262 4085 Aldina.
289 4037 321 4084 ef.
339 4037 482 4098 Sedlmayer
499 4039 607 4098 prolegg.
620 4038 672 4085 crit.
691 4039 716 4084 in
734 4038 828 4086 heroid.
840 4036 913 4085 Ovid.
931 4051 955 4098 p.
968 4041 1008 4087 38.
1043 4041 1133 4087 deno·

10 4110 127 4351 {tione
139 4121 255 4172 vocabuli
272 4123 374 4172 utilis
392 4139 417 4171 v.
428 4122 475 4172 lae
494 4124 524 4170 cf.
534 4123 628 4170 Merkel
644 4125 722 4183 praes.
731 4125 762 4171 ad
775 4123 823 4171 Ov.
831 4128 889 4171 met.
902 4139 927 4183 p.
935 4124 1022 4172 XXXI
1035 4126 1072 4174 ed.
1082 4139 1131 4176 sac.

896 4218 912 4270 3
