2504 4656
562 286 777 353 -58-

130 461 185 503 nus
207 443 432 503 describendum
454 443 553 523 quivis
574 444 777 520 persentiscat.
816 444 889 524 quid
910 443 1021 504 multa?
1054 446 1140 503 extat
1158 442 1208 501 ad·

129 556 187 614 hnc
210 556 288 635 qnod
310 554 460 631 exemplar
480 555 539 615 fuit
560 555 684 628 Ovidio,
712 555 845 632 epyllion
866 555 941 616 fclso
963 554 1043 615 inter
1066 552 1208 613 Theocri-

130 673 178 726 tec
193 668 318 727 relatum
329 665 342 706 ⁸
352 665 380 744 ¹)
394 666 510 727 XXVI.
548 666 591 726 ibi
606 669 738 727 Bacchae
754 686 792 725 ex
807 667 912 726 fronde
926 665 1005 726 ilicis
1017 666 1148 726 hederae
1164 683 1209 724 as-

131 778 258 856 phodelo
280 797 308 839 v.
326 782 361 837 ὅτ

232 884 269 948 ἐν
290 889 455 970 καθαρῷ
477 889 633 964 λειμῶνι
656 881 753 966 κάμον
774 886 955 949 δυοκαίδεκα
977 879 1108 965 βωμούς.

131 1001 222 1059 habes
244 1001 368 1060 eandem
379 998 530 1075 regionem
545 999 578 1059 in
594 1002 695 1059 eadem
710 1021 814 1061 versus
829 1002 898 1060 sede
910 999 1097 1076 descriptam.
1129 998 1209 1079 quod

131 1111 157 1172 si
179 1131 239 1170 non
261 1111 396 1171 sufficere
417 1110 545 1185 videtur,
565 1111 623 1171 clia
644 1116 714 1172 sunt
734 1111 766 1171 in
784 1117 932 1190 promptu.
976 1110 1078 1172 audias
1096 1113 1209 1170 utrum·

132 1243 190 1303 que
211 1220 392 1282 variantem:

221 1326 358 1403 Πενθεδς
381 1324 406 1391 δ’
429 1325 571 1409 ἀλιβάτου
593 1329 703 1413 πέτρας
725 1325 784 1393 ἅττα
808 1325 892 1391 πάντ’
915 1323 1040 1413 ἐθεώρει

219 1447 318 1521 σχῖνον
340 1440 371 1514 ἐς
393 1437 517 1522 ἀρχαίαν
539 1438 681 1519 καταδύς,
703 1437 862 1522 ἐτττχτίριον
884 1440 977 1523 ἔρνος.

219 1548 362 1614 Αὐτονοά
383 1547 481 1636 κρᾶτα
505 1576 552 1614 νιν
575 1549 718 1635 ἀνέκραγε
740 1549 839 1614 δετνδν
861 1552 968 1627 ἰδοῖσα,

220 1658 276 1724 erio
298 1659 326 1724 δ’
353 1659 473 1747 ἐτάραξε
493 1663 583 1727 ποσίν
605 1660 770 1744 μανιώδους
788 1659 875 1747 ὄργια
898 1661 1029 1743 Βάκχου,

220 1774 360 1850 ἐξαπίνας
381 1773 508 1849 ἐπιοῖσα,
531 1770 613 1837 τότ’
636 1770 703 1856 οτίχ
724 1769 877 1856 δρὲουττ
899 1774 1125 1855 βίβηίοτθί).

135 1889 375 1967 (Pseudctheocr.
403 1894 440 1947 10
455 1889 534 1969 sqq.)

135 2000 190 2060 Or.
215 2001 274 2060 717
291 2019 373 2078 sqq.:

259 2111 309 2171 hie
332 2109 424 2170 oculis
446 2111 532 2171 illum
554 2115 777 2173 cernentem
801 2130 907 2171 sacra
929 2108 1103 2186 profanis

262 2223 357 2301 prima
379 2220 471 2296 videt,
495 2222 590 2298 prima
612 2228 658 2284 est
679 2224 784 2283 insano
807 2221 923 2282 concito
944 2240 1042 2295 cnreu,

260 2333 356 2412 prima
377 2353 463 2393 suum
484 2335 573 2395 misso
595 2334 722 2395 violavit
744 2335 878 2394 Penthea
897 2334 1000 2409 thyrso

260 2449 361 2504 mater.
402 2443 439 2520 ‘io
463 2444 607 2520 geminae'
628 2443 767 2505 clamarit
790 2446 900 2522 ‘adeste
921 2439 1044 2502 sorores'
1061 2486 1093 2502 ..

133 2555 307 2632 agnoscisne
331 2557 462 2629 eandem,
484 2557 521 2616 de
544 2576 602 2635 qna
623 2555 702 2628 dixi,
724 2554 993 2635 breviloquentiam
1014 2553 1048 2612 in
1067 2550 1214 2612 dicendo?

86 2682 87 2685 ’
133 2687 240 2739 nonne,
263 2666 399 2747 quamvis
420 2666 574 2744 Euripidis
596 2670 763 2739 sectatores,
785 2661 913 2743 plurima
934 2664 1049 2742 pariter
1069 2662 1214 2724 reticent?

133 2798 231 2838 nonne
249 2777 375 2838 Ovidius
396 2798 425 2839 v.
444 2781 504 2838 710
527 2778 684 2838 manifeste
707 2777 839 2837 imitatus
862 2781 908 2836 est
929 2775 1084 2836 Theocriti
1106 2794 1136 2837 v.
1155 2772 1214 2834 14?

132 2909 223 2967 pergo
245 2888 377 2949 indicare
399 2890 618 2950 similitudines,
661 2890 780 2948 caedem
809 2888 906 2965 ipsam
934 2887 985 2947 hio
1006 2886 1052 2948 ito
1074 2885 1213 2966 depingit

137 3005 174 3060 lt
189 3022 272 3081 sqq.:

154 3111 272 3190 μαίνετο
294 3108 347 3189 μὲν
369 3106 401 3171 θ’
426 3105 511 3185 αὕτα,
534 3109 721 3188 μαίνοντα
744 3103 773 3168 δ’
799 3101 856 3190 ἄρ’
884 3101 982 3169 edici
1005 3103 1069 3168 καί
1090 3100 1213 3167 ’ἄλλοι

158 3216 335 3294 Πενθεδς
357 3218 423 3299 μὲν
446 3222 588 3302 φεῦγεν
610 3218 898 3299 πεφοβημίνος,
920 3217 960 3279 αἱ
980 3213 1019 3278 δὲ
1040 3217 1182 3279 δίακον

155 3331 274 3405 aaron
296 3331 329 3395 ἐκ
352 3335 499 3412 ζωστῆρος
521 3325 565 3393 ἐπ’
591 3326 695 3412 ίγντίαν
718 3326 867 3411 ίρτίσασαι.

157 3437 295 3516 nescir
316 3440 370 3522 μὲν
390 3437 457 3504 τόδ’
483 3440 561 3503 issar
583 3435 678 3514 Γτίνος
699 3439 847 3523 κέχρησθε
869 3444 1008 3522 γυναῖκες
1017 3435 1037 3515 3²

150 3550 306 3617 Ἀδτονοά
328 3549 390 3615 τόδ’
417 3552 494 3615 ieras
514 3547 605 3632 ‘crixo
626 3547 726 3638 γνώσῃ
750 3551 821 3634 πρίν
843 3545 984 3613 decisos?

154 3661 252 3748 μάτηρ
274 3662 328 3744 μὲν
349 3659 483 3742 arcaida
504 3659 704 3743 μυκήσατο
728 3658 836 3735 κατδδς
858 3661 965 3739 ἕλοῖσα,

134 3790 339 3801 -.———-——-

204 3879 249 3947 81)
266 3896 297 3931 ex
313 3885 400 3942 aperte
410 3878 555 3927 Callimochi
573 3879 609 3944 (in
621 3879 677 3926 Del.
688 3881 732 3938 98)
748 3877 891 3937 imitatione,
911 3891 974 3936 quac
989 3877 1055 3925 inest
1072 3878 1157 3927 versui
1168 3878 1205 3935 tt),

133 3968 340 4017 Wilsmowitains
356 3967 456 4027 collegit
472 3979 561 4025 poeme
577 3980 627 4012 non
645 3964 770 4011 Theocriti
787 3978 849 4023 csse,
868 3962 912 4011 sed
929 3961 1070 4011 imitatoris.

203 4052 247 4119 82)
265 4045 319 4105 τότ’
337 4052 410 4100 tacite
427 4050 573 4099 Meinekinst
608 4049 665 4097 libri
682 4041 748 4100 τάδ’.
