2504 4656
535 223 749 289 *49*

99 369 220 430 adferre
242 372 321 431 haud
344 372 387 431 ite
409 374 526 450 tritam,
557 397 644 458 quam
668 381 725 440 duo
749 384 910 461 scriptores
933 407 971 447 ex
994 390 1077 448 fonte
1101 410 1180 451 oom-

100 482 184 541 muni
208 484 332 559 petitam
354 485 464 546 litteris
486 490 709 552 mandaverunt.

97 611 170 658 Lact.
189 612 257 660 Plac.
276 615 308 660 ad
321 614 382 661 Stat.
400 616 477 663 Theb.
492 617 552 665 VIII
567 620 622 667 198.
800 623 886 672 Οσιισιι
904 641 970 675 narr.
991 631 1031 677 33.

118 695 161 760 (ex
180 698 228 745 hoc
244 699 322 759 Myth.
342 699 398 747 Vat.
418 702 430 747 1
449 704 488 748 81.
507 703 532 748 II
550 700 601 764 85.)

132 782 215 830 Varro
239 783 380 832 divinarum
404 799 485 832 rerum
510 784 568 852 [111]
590 789 624 834 ita

96 869 173 918 refert
189 871 219 917 de
236 871 363 919 Branoho:
383 873 624 932 Democlusquidam
684 871 733 934 Ὡς
767 872 901 942 Δήμσκλσς
933 875 947 934 ὁ
976 878 1075 947 Δελφὸς
1103 886 1176 955 γεννᾷ

97 956 208 1004 decimus
227 955 258 1004 ab
272 956 387 1015 Apolline
400 972 455 1004 cum
472 958 498 1003 ln
517 959 623 1018 peregri·
649 963 728 1013 παῖδα
752 958 866 1027 ἐκπρεπῆ
885 965 998 1030 Σμῖκροι
1016 959 1109 1032 ὄνομα·
1133 969 1177 1022 καλ

98 1042 198 1088 natione
216 1043 349 1101 pranderet
361 1042 387 1088 in
406 1043 476 1089 litore
488 1058 517 1089 ac
535 1044 623 1090 deinde
650 1039 686 1102 αἱς
703 1046 762 1096 πλεῖ
777 1044 841 1098 κατσλ
861 1046 976 1115 χρησμὸν
999 1048 1040 1103 ἐπὶ
1059 1049 1173 1119 Μιλήτου

98 1127 303 1188 proficisceretur,
321 1128 412 1175 oblitus
431 1134 468 1175 est
484 1127 562 1175 filium
580 1143 622 1175 no·
649 1126 713 1196 ἔχων
732 1126 789 1195 μεθ’
808 1128 897 1184 ἑαυτοῦ
916 1132 960 1185 καὶ
984 1132 1027 1187 τὸν
1050 1141 1131 1190 numu
1149 1137 1174 1191 ts
1210 1145 1225 1191 5

97 1213 163 1261 mine
177 1212 305 1260 Smioram.
341 1215 383 1260 ille
400 1213 513 1274 pervenit
530 1214 556 1260 in
574 1217 622 1261 sal·
649 1209 752 1283 ἡλικία
771 1215 815 1267 καὶ
834 1213 871 1276 uic
888 1218 1071 1285 καταλιμπάνει
1087 1224 1174 1276 τοῦτον

97 1304 148 1344 tum
165 1299 280 1346 Patronis
298 1300 426 1346 cuiusdam
444 1304 540 1345 etcum
558 1305 622 1347 esset
649 1300 747 1368 σπουδῇ
773 1302 815 1353 τσῦ
845 1299 983 1356 ἐκπλεῦσαι
1009 1305 1053 1357 καὶ
1085 1302 1174 1376 ἀγνοίᾳ

98 1391 219 1445 receptus,
239 1385 319 1445 eoepit
337 1401 392 1432 cum
410 1387 461 1433 suis
482 1388 565 1444 pueris
583 1401 622 1434 oa·
647 1385 850 1451 τρισκαιδέκατον
869 1385 956 1455 ἔχοντα
974 1387 1042 1448 ἔτος·
1069 1391 1113 1444 καλ
1137 1388 1173 1452 αἱς

98 1485 155 1530 pras
174 1485 284 1531 pascere·
456 1471 458 1477 '
646 1475 707 1529 παῖς
729 1464 936 1535 ’Episemou
969 1471 1072 1534 αἰπόλος
1096 1495 1172 1529 κατα-

645 1551 767 1624 λαμβάνει
784 1553 826 1609 τόν
836 1557 950 1624 Σμῖκρσν
962 1553 1109 1625 ἀθυμοῦντα
1122 1561 1167 1614 καλ
1187 1573 1219 1619 10

646 1632 704 1706 ἄγει
720 1638 784 1707 πρὸς
809 1638 851 1694 τᾶν
869 1643 978 1708 πατέρα·
1007 1643 1051 1696 καλ
1069 1641 1083 1698 o‘
1101 1641 1170 1711 Ἐρι-

646 1724 745 1792 ἓλάρσης
762 1721 809 1778 oia
822 1724 921 1780 ἔλαττον
939 1727 982 1780 τοῦ
1002 1727 1065 1782 ἰδίαν
1078 1729 1170 1793 παιδὸς

645 1809 734 1875 μαθών
751 1808 797 1870 τὰς
814 1809 893 1879 τύχας
915 1812 1006 1866 καὶτὸ
1031 1813 1102 1881 γένος
1124 1821 1168 1871 τσῦ

644 1896 760 1962 Σμίκρσν
776 1897 862 1950 τοῦτον
879 1905 1000 1964 περιεῖπε.
1109 1962 1112 1967 ,

126 1985 260 2045 aliquando
286 1985 436 2046 pranderunt
460 2000 566 2046 cygnum
593 1993 616 2032 et
677 1982 721 2034 καὶ
737 1984 794 2048 περὶ
817 1984 861 2036 τσῦ
888 1981 979 2037 κύκνον
1004 1987 1048 2038 τοῦ
1076 1990 1165 2054 συλλη-
1184 2001 1216 2047 15

94 2071 162 2118 illum
181 2077 250 2118 veste
269 2077 454 2132 cooperuerunt.
491 2073 550 2118 dum
567 2071 616 2131 ipsi
642 2066 749 2133 φθέντσς
761 2061 840 2145 ἄμφι)
853 2073 904 2128 τοῖς
915 2069 988 2122 παισλ
1000 2070 1044 2123 καλ
1056 2075 1105 2138 τῆς
1119 2072 1166 2140 ἔρι·

95 2163 267 2229 ριςιιαιιιριιῑιι
281 2159 352 2204 illum
365 2157 429 2217 patri
443 2152 531 2203 mainus
544 2157 612 2203 offer·
641 2156 684 2209 δας
702 2151 746 2204 καλ
763 2153 807 2204 τοῦ
832 2153 881 2221 τῆς
898 2154 1046 2216 Λενκσὶλέας
1063 2156 1166 2225 φάσμα-

96 2249 144 2300 ret,
172 2259 229 2290 cum
247 2249 329 2291 essent
353 2241 448 2302 fatigati
474 2241 614 2300 certamine,
640 2253 690 2297 τος,
710 2233 746 2296 αἷς
764 2237 828 2290 εἴποι
842 2255 870 2290 τε
888 2244 940 2298 τοῖς
951 2241 1026 2293 nutui
1042 2241 1104 2308 πρὸς
1117 2243 1165 2296 Μι-

95 2330 184 2375 reiecta
196 2333 266 2376 veste
277 2329 405 2375 mulierem
418 2329 573 2385 invenerunt,
591 2333 614 2375 et
640 2320 744 2387 λησίσυς
762 2319 840 2388 φσὶναι
856 2326 931 2390 τιμᾶν
950 2320 1029 2391 αὐτὴν
1047 2328 1092 2381 καὶ
1108 2330 1164 2382 παί-

92 2428 144 2461 cum
162 2415 284 2475 sugerent,
302 2412 412 2460 revocati
430 2414 462 2460 ab
480 2429 510 2461 ea
526 2414 613 2460 moniti
639 2410 690 2460 δων
707 2402 794 2473 ἀγῶνα
803 2407 923 2475 γυμνικὸν
936 2412 1016 2464 τελεῖν
1033 2406 1116 2483 stirpi·
1134 2413 1163 2483 ἦ·
1182 2429 1215 2477 20

90 2507 154 2560 sunt,
173 2505 201 2547 ut
216 2501 309 2547 Patron
328 2498 399 2545 unice
417 2497 537 2546 Smiorum
556 2500 610 2546 dili·
638 2488 915 2564 σθῆναιγάραῦτήντῇ
930 2493 1164 2560 spissescentem.

156 2602 283 2650 ADNOT.
319 2600 341 2650 A
360 2602 413 2649 eod.
432 2601 529 2650 Monac.
550 2595 625 2651 6396.
651 2601 743 2649 Bcod.
762 2599 860 2647 Moneo.
881 2602 970 2647 19482,

160 2695 182 2737 1.
202 2686 257 2755 [Ill]
274 2687 374 2735 inserui.
395 2688 444 2747 egit
471 2687 501 2734 de
519 2688 634 2734 Brancho
660 2688 686 2733 iu
704 2687 769 2733 libro
790 2687 820 2732 de
838 2685 982 2746 auguribus.
1018 2691 1041 2737 2.
1062 2686 1118 2737 Otus
1134 2691 1157 2738 A

87 2776 240 2824 ὀισινσλνιιιΒ
260 2773 315 2822 Orias
333 2773 516 2834 Mythographi.
536 2774 631 2822 correxi
649 2788 678 2821 ex
691 2771 799 2819 Conone.
828 2775 850 2818 3.
870 2771 970 2818 diamur
981 2774 1010 2820 Β.
1047 2778 1070 2824 4.
1085 2777 1159 2836 phru-

83 2864 152 2911 ἄεισι
169 2863 199 2908 Β.
237 2865 259 2909 6.
278 2860 392 2907 sistorum
409 2860 431 2906 A
449 2840 565 2906 nimirum
582 2862 603 2906 B
621 2859 791 2918 Syriotrooem
807 2857 990 2919 Mythographi.
1009 2862 1103 2909 correxi
1131 2878 1160 2910 ex

85 2950 197 2998 Conone.
235 2946 461 3007 ld.portcrrcatBa.
500 2949 635 2995 19.vcstem
646 2945 770 2992 multarum
782 2944 811 2991 B.
849 2944 888 2990 20.
908 2945 1158 3004 ccmfiepereotcorr.

80 3033 121 3082 Ba
148 3049 178 3081 ex
196 3033 330 3093 ffcpercat.
367 3035 406 3080 21.
425 3033 544 3079 Patronus
571 3032 639 3079 ιιιιίαι
664 3031 805 3078 eiuicrooem
821 3031 844 3078 A
868 3030 1159 3081 Patronouor'ce'smicrto-

80 3136 137 3170 mm
155 3121 185 3169 B.

82 3306 201 3354 versibus
219 3303 369 3359 celebraret,
394 3317 409 3348 a
426 3315 485 3347 vero
509 3305 591 3347 tamen
616 3314 665 3347 non
683 3301 798 3348 aberrare
823 3300 884 3347 mihi
901 3299 999 3358 videor,
1018 3304 1039 3350 si
1057 3317 1158 3351 oausam

83 3393 203 3442 carminis
221 3388 384 3450 componendi
397 3389 547 3436 extrinsecus
566 3389 603 3435 illi
619 3392 700 3436 statuo
712 3389 817 3435 venisse.
853 3388 1001 3436 Ptolemaeis
1013 3388 1079 3435 enim
1091 3403 1155 3436 com-

82 3479 203 3527 mercium
222 3477 267 3523 tuit
284 3491 341 3523 cum
353 3474 470 3534 Apolline
481 3474 628 3535 Didymaeo.
665 3474 780 3522 discimus
798 3475 846 3520 hoc
864 3489 893 3521 ex
910 3473 981 3521 titulo
1000 3473 1155 3521 aNewtonio

81 3570 181 3625 reperto
207 3563 320 3621 aditoque
345 3561 386 3624 (A
404 3560 501 3620 history
518 3559 546 3605 of
561 3559 711 3607 discoveries
730 3565 755 3607 at
771 3558 974 3618 Halicarnassus,
994 3558 1087 3607 Cnidus
1105 3561 1155 3606 and

82 3649 254 3710 Branchidae3
267 3648 372 3693 London
386 3647 459 3694 1863.
472 3647 523 3692 vol.
536 3646 562 3693 ΙΙ
574 3650 636 3705 part.
650 3649 673 3693 2.
686 3660 711 3705 p.
725 3647 774 3694 725
787 3644 852 3707 sq.’),
870 3646 896 3691 in
913 3659 961 3705 quo
979 3660 1153 3693 commemora·

81 3744 121 3784 tur
138 3737 297 3783 Ptolemaeus
314 3733 379 3780 filius
399 3730 458 3782 hecti
477 3728 531 3781 νέσυ
549 3725 669 3782 Διονύσον
690 3757 720 3766 -
738 3731 753 3777 i.
772 3746 793 3778 e.
813 3731 988 3791 Philopatoris,
1008 3732 1104 3791 dequo
1123 3732 1153 3778 of.

81 3823 197 3869 Mainake
214 3819 297 3866 Anall.
311 3819 381 3864 Alex.
401 3831 424 3877 p.
443 3819 501 3867 343.
519 3843 552 3852 -
570 3815 612 3876 qui
630 3818 748 3877 templum
771 3816 843 3865 donis
862 3817 1011 3865 instruxeris
1046 3831 1076 3865 ac
1094 3831 1153 3865 sane

81 3907 212 3967 probabile
231 3911 268 3953 cst
285 3906 334 3951 lam
351 3903 544 3962 Philadelphum
562 3903 667 3949 amioum
691 3917 717 3951 se
734 3903 886 3964 praestitisse
903 3903 1060 3951 Branchidis.
1094 3905 1152 3951 titu-

82 3994 133 4040 lum
151 3992 212 4038 mihi
237 3991 332 4050 sumpsi
351 4003 380 4036 ex
399 3987 498 4038 Gelzeri
516 3988 690 4036 dissertatione
714 3989 752 4053 ‘de
769 3988 925 4037 Branchidis
944 3988 1055 4050 Gotting.
1075 3990 1149 4038 1662.

81 4093 105 4143 p.
119 4082 161 4129 22.
179 4095 203 4127 ιι.
218 4081 241 4138 5,
260 4091 318 4124 nam
335 4074 459 4123 Newtonii
476 4088 538 4135 opus
555 4073 676 4136 inspicere
694 4090 743 4123 non
762 4075 838 4152 licuit.

926 4167 944 4224 4
