2504 4656
528 251 740 320 ,32-

70 415 72 420 ’
94 416 124 474 ct
150 415 205 474 107
224 434 237 473 s
260 435 285 474 ,ι

240 434 326 604 qquae
347 523 413 598 tibi,
436 523 639 600 Demophoon,
660 520 757 596 longis
778 519 929 580 erroribus
952 523 1024 578 acto

290 634 443 695 Threicios
465 639 568 711 portus
590 631 811 716 hospitiumque
834 631 912 691 dedi.

94 749 197 807 ecdem
220 751 334 824 spectat
354 746 494 806 Philostr.
517 765 563 822 cp.
581 750 619 803 28
711 734 748 802 ori
769 735 825 822 γὰρ
848 735 900 802 civ
920 737 1051 800 Πέλοπα
1071 732 1092 818 ἡ
1110 731 1150 798 ‘hs

925 843 1010 870 ree

93 850 242 934 wadripont
264 851 387 935 ἠτίμησε
410 852 492 928 ξένον
514 848 586 916 ὄντα
613 852 664 914 καὶ
686 847 838 934 βάρβαρον
867 845 924 913 odd
954 875 976 930 η
1007 847 1101 927 Ελὲνη
1121 842 1150 911 so*

93 963 128 1029 δι’
155 962 249 1045 αὐτὴν
276 962 410 1048 παρόντα
438 960 503 1026 οὐδ’
529 960 549 1045 ἡ
574 962 683 1036 Φυλλὶς
709 957 760 1024 siv
791 961 823 1025 tn
851 957 1009 1039 θαλάττης
1031 959 1080 1043 (ἐκ
1100 955 1150 1021 rim

89 1081 140 1142 vel
159 1073 269 1157 ἥκοντα
288 1080 384 1156 suppl.
402 1079 574 1157 Kayserus.)
594 1122 641 1138 ...
659 1077 891 1146 Callimacheam
911 1075 944 1135 ni
962 1076 1057 1152 plane
1074 1074 1150 1134 fallor

91 1192 260 1270 Phyllidem
273 1191 450 1252 recordatus.
485 1191 537 1248 sed
552 1189 643 1249 multo
665 1187 812 1264 insignior
827 1191 872 1247 est
884 1186 1053 1263 descriptio
1073 1204 1150 1263 spons

92 1302 257 1380 profecturi
280 1324 308 1362 v.
324 1307 361 1361 91
377 1322 458 1381 sqq.:

175 1415 227 1474 illa
249 1414 322 1474 meis
344 1413 437 1473 oculis
458 1412 572 1489 species
593 1410 731 1471 abeuntis
753 1410 898 1484 inhaeret,

219 1545 285 1585 cum
306 1529 454 1602 premeret
474 1528 577 1603 portus
599 1523 700 1583 classis
722 1522 800 1582 iture
821 1541 910 1582 meos.

176 1656 263 1696 ausus
285 1656 316 1696 es
338 1635 477 1713 amplecti
500 1635 634 1714 colloque
655 1634 773 1694 infusus
795 1632 921 1693 amantis

217 1748 315 1808 oscula
336 1767 390 1825 per
410 1737 513 1823 longas
534 1747 655 1822 iungere
677 1765 778 1823 pressa
800 1764 904 1817 moras,

176 1879 300 1939 cumque
322 1859 382 1919 tuis
403 1858 532 1918 lacrimis
552 1857 686 1918 lacrimas
710 1859 889 1918 confundere
912 1861 1042 1929 nostras,

218 1972 356 2051 quodque
378 1972 455 2030 foret
477 1969 550 2031 velis
572 1990 643 2028 aura
663 1971 800 2043 secunda,
824 1967 917 2049 queri,

176 2092 206 2142 et
227 2081 302 2142 mihi
323 2082 476 2142 discedens
498 2101 634 2157 suprema
656 2080 754 2141 dicere
775 2098 864 2141 voce:

219 2193 339 2272 ‘Phylli
360 2194 406 2253 fac
428 2197 566 2270 expectes
589 2192 815 2269 Demophoonta
838 2191 946 2252 tuuml'

92 2307 243 2383 compares
264 2305 388 2380 Procop.
411 2324 457 2380 ep.
478 2309 533 2364 86:
565 2296 599 2371 ὃς
628 2297 730 2380 ἐπειδὴ
758 2303 888 2379 νυμφίος
916 2289 954 2380 ἦν
976 2295 1090 2383 ἀρτίως
1116 2323 1150 2363 aa

91 2411 174 2495 ηὕξει
196 2418 234 2500 τῇ
252 2414 373 2474 evilid:
396 2407 447 2475 miv
469 2411 633 2492 iectast),
658 2406 746 2496 ᾤχετο
768 2407 822 2492 τὴν
835 2409 973 2474 παστάδα
996 2407 1150 2476 novatiani

92 2563 295 2577 ψ

160 2645 204 2712 44)
222 2649 254 2695 cf.
272 2647 319 2695 Ov.
338 2663 363 2695 v.
381 2650 413 2698 33
427 2661 477 2708 sq.:

276 2733 415 2781 Promissus
431 2733 510 2781 socios
528 2732 571 2779 ubi
588 2747 652 2781 nunc
669 2735 820 2795 hymenaeus
837 2733 863 2780 in
881 2746 969 2792 annos,

285 2873 287 2878 7
326 2820 368 2879 qui
386 2819 446 2866 mihi
463 2819 570 2878 coniugii
587 2834 691 2879 sponsor
709 2826 733 2867 et
751 2820 823 2869 obses
841 2819 957 2868 erati-—

210 2908 256 2955 39:
275 2907 323 2953 Per
341 2904 463 2952 Veneram
481 2904 630 2963 nimiumque
649 2905 708 2952 mihi
726 2906 841 2954 facientia
858 2906 916 2952 tela.

89 3008 112 3040 a.
132 3005 153 3038 a.
171 2991 195 3038 li
214 2993 263 3042 353
277 3005 327 3051 sq.:
362 2991 478 3052 Phyllida
494 2990 657 3049 Demophoon
675 3005 792 3051 praesens
809 2990 961 3039 moderatius
980 2993 1054 3053 ussit,

406 3076 537 3124 exarsit
554 3077 616 3123 velis
635 3077 741 3124 acrius
759 3077 801 3124 illa
816 3078 886 3126 datis.
906 3104 941 3114 -

88 3163 171 3211 nescio
189 3178 220 3210 an
239 3163 331 3221 aliquid
348 3161 484 3222 elegantiae
498 3161 676 3208 Callimacheac
694 3161 815 3209 retineant
830 3163 884 3209 iura
896 3163 1004 3212 iuranda
1016 3165 1150 3226 quinquies

88 3250 145 3296 inde
164 3263 179 3295 a
196 3264 220 3295 v.
235 3251 267 3296 35
287 3249 406 3308 epistulae
423 3248 540 3307 repetita:

258 3347 302 3394 per
319 3347 395 3391 mare,
414 3333 479 3393 quod
496 3333 585 3379 totiens
603 3332 685 3380 ventis
702 3333 809 3392 agitatur
826 3339 850 3381 et
867 3333 948 3394 undis,

303 3433 349 3479 per
366 3419 430 3479 quod
448 3433 523 3478 saepe
540 3418 612 3477 ieras,
630 3432 675 3479 per
693 3420 757 3477 quod
774 3419 852 3467 iturus
869 3434 931 3477 aras,

257 3518 349 3564 perque
366 3508 435 3550 tuum
452 3503 512 3550 mihi
530 3503 624 3564 iurasti,
643 3504 691 3550 nisi
708 3505 778 3552 fictus
796 3509 820 3552 et
836 3505 880 3552 iile
898 3509 943 3563 est,

307 3589 401 3636 concita
419 3589 460 3649 qui
477 3588 559 3636 ventis
576 3603 683 3649 aequora
700 3589 790 3636 mulcet
807 3604 888 3650 avum,

257 3689 301 3735 per
318 3674 440 3722 Venerem
458 3675 607 3733 nimiumque
625 3675 685 3721 mihi
703 3676 817 3724 facientia
834 3679 892 3736 tela,

302 3761 380 3809 altera
396 3762 446 3808 tela
463 3775 543 3820 arcus,
561 3762 639 3809 altera
655 3762 705 3809 tela
722 3762 796 3822 faces,

256 3845 423 3905 Iunonemque
441 3847 500 3893 toris
519 3859 581 3905 quae
598 3846 723 3905 praesidet
740 3847 805 3893 alma
823 3846 917 3894 maritis

301 3938 325 3980 et
343 3947 387 3993 per
406 3932 537 3980 taediferae
555 3932 658 3992 mystica
676 3946 745 3980 sacra
763 3933 829 3980 deae.

86 4019 166 4079 potuit
182 4032 227 4078 per
243 4017 304 4066 haec
323 4019 422 4065 numina
439 4019 520 4065 iurare
537 4032 693 4065 reversurum
711 4033 737 4066 se
755 4033 816 4066 asse.
852 4034 876 4066 v.
892 4020 924 4067 35
945 4018 1054 4082 ⁶totiens’
1073 4014 1150 4081 scripsi

86 4118 132 4166 pro
150 4119 179 4151 eo
197 4104 262 4164 quod
278 4104 335 4151 libri
354 4103 470 4152 exhibent
486 4101 587 4168 ‘totuml
624 4104 734 4151 consulto
752 4109 833 4151 autem
851 4103 950 4164 neglexi
975 4118 1041 4166 quse
1067 4107 1097 4154 de
1114 4116 1150 4153 nu·
