2504 4656
439 204 730 319 ſses-

85 409 179 486 βεται,
202 431 256 488 pro
281 431 337 490 quo
361 415 477 487 tempus
499 409 695 486 praeteritum
717 406 953 485 exspectaverim,
988 406 1014 464 si
1038 423 1155 467 revera

86 523 123 581 de
146 521 286 600 Phyllide
308 521 416 596 agitur.
1195 596 1197 601 Ι

173 636 272 712 Atque
295 633 345 691 hic
366 632 464 691 locum
487 631 620 690 dabimus
644 630 781 691 (loliutho
804 627 1034 707 Lycopolilano‚
1059 626 1154 706 quiin
1194 680 1197 719 ἱ

87 749 187 822 Raplu
209 744 344 803 Helenae
366 742 504 802 Paridem
536 743 813 820 praetervehenlem
842 739 915 799 fauit
944 738 1095 817 Phyllidis
1117 757 1155 796 se·
1195 728 1197 733 ¹

85 857 221 934 pulcrum
243 875 270 914 v.
296 859 356 913 212
373 874 437 934 sqq.
461 854 505 913 ed.
528 853 620 913 Bekk.
1192 836 1197 943 ¹5

219 955 298 1038 αἶψα
322 959 353 1022 δὲ
378 962 531 1042 Θρηικίοιο
555 957 626 1040 μετᾶ
649 960 698 1040 dic
728 959 890 1041 Παγγαίοιο

216 1072 361 1145 Φυλλίδος
383 1069 554 1134 ἀντέλλοντα
577 1066 737 1150 φιλήνορος
760 1069 865 1152 ἔδρακε
887 1060 1013 1148 τύμβον,

214 1182 264 1245 καλ
288 1178 400 1265 δρόμον
423 1179 616 1244 ἐννεάκυκλον
639 1175 786 1260 α’λήμονος
808 1174 866 1242 είδε
888 1176 1046 1257 κελεύθου,

217 1294 294 1356 ἔνθα
316 1295 520 1373 διαστείχουσα
543 1290 678 1373 κινύρετο
704 1293 813 1364 Φυλλίς
835 1288 1024 1373 ἆκοίτηνῦἱ)

1193 1324 1197 1361 ι

216 1404 375 1486 δεχνυμένη
397 1405 572 1486 παλίνορσον
595 1397 735 1483 οίττήμονα
759 1398 981 1483 Δημοφόωντα,
1095 1414 1104 1433 ’
1193 1378 1197 1507 l

1192 1514 1197 1565 l

1194 1570 1197 1597 l

219 1511 334 1578 ύττττύτε
356 1513 521 1594 νοστήσειεν
539 1513 706 1594 Ἀθηναίης
729 1510 790 1576 alud
813 1511 927 1594 δήμων.

88 1634 162 1692 haec
179 1631 231 1692 vix
253 1631 372 1690 aliunde
394 1630 491 1708 poluit
508 1630 660 1689 desumere
683 1629 741 1688 nisi
758 1649 795 1689 ex
810 1628 944 1689 carmine
960 1628 1158 1688 Callimacheo
1193 1602 1197 1703 l

89 1743 253 1804 nobissimo.
283 1735 452 1801 memineris
467 1741 573 1800 iisdem
587 1743 650 1800 fere
665 1741 849 1818 temporibus
858 1741 1030 1800 Marianum
1047 1738 1157 1799 schola·
1192 1722 1197 1801 l

89 1857 196 1915 sticum
213 1857 340 1934 hymnos
359 1853 571 1929 epigrammata
582 1852 714 1912 Hecalen
727 1853 815 1911 Aelia
830 1852 958 1911 iambica
980 1851 1159 1939 contraxisse
1192 1870 1197 1947 ρ

89 1966 281 2046 paraphrasi,
314 1984 419 2042 nempe
450 1969 485 2022 ui
514 1964 657 2040 perniciei
680 1964 886 2044 undecumque
913 1962 1088 2024 imminenti
1109 1961 1159 2022 eri·
1190 1950 1197 1985 ³

90 2083 183 2156 peret.
229 2076 374 2155 (Dilihey.
398 2076 433 2134 de
457 2075 527 2154 (lyd.
551 2097 578 2153 p.
605 2077 686 2151 102.)

175 2189 233 2248 Sed
255 2207 346 2268 pergo
368 2208 416 2246 res
432 2186 580 2265 Phyllidis
604 2205 733 2247 narrare.
778 2187 881 2246 novies
897 2186 935 2245 ad
955 2185 1044 2245 littus
1060 2204 1154 2246 cucur·

92 2302 141 2374 rit,
165 2306 237 2360 tunc
259 2301 421 2375 desperans
444 2299 479 2356 de
501 2298 600 2357 reditu
622 2303 747 2358 moriem
770 2298 827 2356 sibi
850 2292 1005 2358 conscivil.

181 2413 235 2471 Ov.
251 2410 372 2471 Remed.
396 2415 456 2467 599
469 2429 550 2489 sqq.:

217 2522 302 2580 limes
325 2526 388 2582 erat
409 2521 508 2580 tenuis
528 2521 619 2594 longa
642 2520 817 2580 subnubilus
838 2522 952 2593 umbra,

263 2653 321 2712 quo
343 2633 412 2692 tulit
432 2633 485 2692 illa
508 2651 576 2690 suos
599 2631 635 2690 ad
658 2651 738 2692 marc
762 2652 849 2712 saepe
870 2633 969 2710 pedes.

160 2870 204 2936 51)
221 2867 337 2934 arripare
354 2872 419 2919 libri.
438 2871 519 2932 recepi
532 2872 653 2933 Lennepii
671 2872 867 2920 emendationem
884 2872 1005 2919 immerito
1024 2876 1146 2933 spretam·

91 2958 215 3005 Bakkero.
250 2960 357 3003 ceterum
380 2971 425 3005 suo
451 2972 518 3004 more
544 2956 618 3003 etiam
636 2958 677 3004 bic
694 2958 777 3004 Nonni
801 2957 938 3006 locutiones
957 2973 1015 3006 suas
1035 2958 1094 3006 secie
1121 2952 1143 3000 σί

90 3040 201 3089 Bekkcri
217 3042 301 3089 adnoc
318 3041 371 3088 orit.
407 3042 547 3101 sepulcrum
564 3043 688 3102 Phyllidis
713 3049 811 3102 praeter
828 3041 973 3091 Colluihum
991 3040 1143 3092 commemorat

92 3128 223 3188 Antipater
241 3126 357 3174 Sidonius
374 3126 404 3172 A.
419 3127 446 3172 P.
465 3127 514 3174 VH
533 3130 596 3176 705:

264 3207 395 3274 Στρυμόνι
413 3207 456 3260 καλ
475 3206 579 3277 μεγάλῳ
597 3209 774 3277 πεττοτισμένον
792 3205 976 3278 Ἑλλησπόντῳ

298 3288 369 3360 siclos
387 3288 508 3358 Ἠδωνῆς
526 3293 659 3356 Φυλλίδος,
678 3290 824 3360 Ἀμφίπολι,

263 3376 336 3430 λοιπά
353 3397 392 3431 τοι
410 3377 534 3444 Albania<
552 3378 729 3445 Βραυρωνίδος
745 3379 812 3447 iprae
829 3379 891 3446 νηοῦ

299 3463 383 3530 μίμνει
401 3463 445 3516 καλ
462 3465 574 3529 ποταμοῦ
592 3459 788 3534 τᾶμφιμύχητον
807 3459 884 3530 ὕδωρ.

275 3546 322 3614 τὴν
341 3547 370 3602 δὲ
386 3543 440 3602 ποτ’
461 3549 590 3616 Αλγελδαις
608 3543 721 3616 μεγάλην
739 3549 788 3616 ἔριν
806 3546 843 3609 οἷς
861 3546 979 3612 discribi<

308 3634 399 3701 τρῡχος
416 3629 454 3686 ἐπ’
473 3631 630 3700 ἀμφοτέραις
646 3630 781 3699 δέρκομεὶί
798 3630 891 3701 η’ῖόοιν.

94 3735 166 3780 quem
178 3719 325 3767 Callimachi
337 3734 471 3768 memorem
488 3722 563 3769 fuisse
581 3722 663 3769 valeo
681 3723 847 3782 confirmatur,
865 3722 932 3782 quod
951 3723 982 3770 dc
992 3718 1135 3770 numdi*
1188 3716 1197 3767 l

95 3807 182 3853 ronide
200 3806 250 3866 egil
266 3807 309 3853 ille
327 3807 357 3852 ir.
377 3809 434 3855 417.
469 3808 517 3854 hoc
535 3808 556 3854 si
574 3806 629 3865 quis
647 3812 746 3854 nostrae
763 3808 856 3868 elegiae
873 3809 1031 3857 inserendum
1047 3808 1135 3859 esai*
1186 3815 1197 3851 a

94 3897 137 3950 tat,
156 3906 199 3951 per
219 3906 258 3938 me
276 3892 333 3939 licet
353 3892 453 3941 inserat.
490 3893 534 3940 sed
557 3892 619 3939 nihil
637 3892 695 3940 inde
712 3894 844 3942 lucramur.
863 3921 895 3931 -
913 3896 946 3943 de
963 3890 1156 3959 variacum
1186 3918 1195 3933 2

95 3975 167 4023 matis
186 3976 308 4037 scriptura
325 3978 383 4024 vide
401 3979 457 4024 adn.
476 3979 514 4027 ed.
533 3978 617 4028 Didot.
