2504 4656
573 269 786 337 -re-
1239 316 1243 375 4

143 431 210 484 tera
240 424 359 484 fabulae
381 427 478 486 forma
499 426 644 486 oblivioni
667 431 744 484 esset
766 427 890 500 tradita,
912 447 974 484 non
996 427 1111 499 negabo
1134 424 1202 504 equi·

143 538 210 594 dem
232 555 397 613 passerem
418 537 462 596 ita
484 558 515 595 se
533 538 653 609 habere,
676 537 728 594 sed
749 538 787 595 ad
802 537 972 616 Phyllidem
986 536 1202 596 Callimaehean
1239 492 1243 571 ¹.

144 648 308 726 quidquam
322 647 392 706 inde
407 648 574 707 redundare
595 647 743 723 nego253).
777 649 861 727 atqui
872 648 1020 708 immerito
1036 647 1204 707 Aeschinem
1240 620 1243 693 i

142 758 345 836 reprehendit.
389 778 459 817 uam
480 760 555 817 haec
576 764 621 817 est
643 758 748 817 talium
768 760 938 819 fabularum
952 764 1071 832 natura,
1092 765 1128 821 ιιι
1142 764 1203 817 tenr-

143 869 225 945 poris
247 889 407 946 progressu
428 888 583 947 personae,
607 889 683 948 quae
706 874 805 947 partes
828 874 928 944 agant,
951 870 1078 929 mirifice
1099 869 1205 932 varient
1241 862 1243 929 ι

142 987 363 1060 mutenturque.
407 985 600 1041 Acamantem
621 1001 693 1044 vero
722 981 873 1058 nymphae
896 987 1059 1043 amatorem
1081 999 1100 1038 a
1120 980 1203 1058 prima
1240 972 1243 1057 ξ

143 1093 259 1166 origine
287 1093 406 1152 fabulae
435 1093 538 1153 fiotum
560 1113 624 1152 esse
651 1093 791 1152 heredem
811 1092 959 1167 regionis,
995 1111 1084 1172 quam
1106 1097 1141 1151 ιιι
1163 1091 1202 1150 ob·
1241 1084 1243 1107 '

139 1204 273 1262 tinerent
294 1203 406 1263 totiens
426 1224 492 1263 cum
514 1203 621 1264 incolis
648 1203 802 1279 digladiati
830 1209 899 1264 sunt
915 1205 1133 1276 Athenienses,
1160 1200 1199 1270 rel
1240 1202 1243 1257 t

140 1335 175 1374 eo
205 1314 360 1393 probabile
388 1315 437 1388 fit,
479 1316 558 1394 quod
588 1335 751 1392 eponymus
783 1315 842 1374 fuit
873 1314 970 1375 tribus
999 1312 1200 1384 Acamantidis,
1238 1290 1243 1373 i

142 1426 192 1506 qui
215 1427 313 1484 honor
335 1447 396 1485 non
412 1426 522 1499 obtigit
542 1426 638 1486 tratri.
683 1425 730 1485 cui
753 1426 866 1485 scilicet
888 1426 984 1485 maior
999 1426 1155 1501 obtigerat,
1174 1427 1202 1480 ut
1239 1406 1243 1495 i

139 1539 310 1598 succederet
330 1539 444 1597 Theseo
467 1556 522 1596 rex
544 1539 738 1596 Athenarum
784 1544 816 1597 et
843 1539 918 1597 haec
948 1536 1051 1596 fabula
1083 1537 1146 1595 sola
1163 1534 1200 1592 iir-
1238 1498 1243 1643 1

140 1649 241 1711 notuit
262 1649 379 1709 saeculo
401 1655 515 1729 quarto.
559 1649 798 1727 Demophontem
816 1668 868 1709 cur
889 1648 1067 1710 induxerint
1088 1644 1200 1725 posteri,
1236 1648 1243 1793 q

139 1761 262 1820 difficile
282 1766 330 1820 est
351 1761 413 1820 dict
400 1765 442 1833 tu,
466 1779 635 1839 quanquam
657 1761 786 1820 concedo
803 1760 985 1834 Kieseliugio
1008 1778 1121 1820 nomen
1132 1774 1243 1825 more.

141 1874 226 1951 epioe
249 1872 435 1932 dilatatum
426 1892 560 1949 impense
582 1871 727 1949 placuisse
757 1871 927 1950 poetis⁶⁴¹J.
972 1872 1023 1931 sed
1046 1890 1153 1932 vereor
1169 1886 1201 1926 ne
1235 1822 1243 1993 ἐ

138 1985 198 2044 alia
220 1984 409 2044 decesserint
388 1987 479 2042 tat
501 1982 636 2062 quamvis
665 1982 837 2059 praevaleat
865 1983 944 2059 apud
965 1988 1102 2059 posteros
1124 1979 1201 2040 huius
1239 1958 1243 2023 ἰ

141 2096 292 2168 memoria,
323 2095 405 2153 illius
427 2114 488 2152 non
510 2115 631 2171 prorsus
649 2095 806 2153 obscurata
828 2098 882 2153 est.
925 2098 1046 2170 praeter
1068 2109 1202 2168 gramma

138 2208 231 2267 ticum
252 2207 343 2265 istum
364 2207 398 2264 in
410 2205 538 2264 Bekkeri
560 2205 721 2278 anecdotis,
743 2205 880 2266 iuvenies
901 2205 981 2282 apud
995 2205 1160 2264 Luciauum
1174 2202 1203 2260 de

142 2320 208 2378 salt.
232 2324 272 2376 40
295 2319 375 2376 inter
400 2337 559 2393 personasv
575 2317 756 2394 pantomimo
787 2316 938 2375 saltandos
967 2322 1161 2376 Acamantem
1179 2318 1203 2372 et

141 2429 399 2507 Phyllidem542).

226 2542 398 2613 Postremo,
428 2558 495 2598 cum
516 2538 693 2597 laetissimos
714 2538 884 2599 litterarum
914 2537 1108 2616 antiquarum
1136 2554 1202 2597 cam·

84 2687 86 2691 ν
139 2674 193 2733 pos
225 2656 419 2730 peragrantes
452 2650 632 2730 aliquotiens
667 2650 853 2725 attigerimus
889 2648 982 2709 limen
1015 2649 1122 2709 aetatis
1152 2648 1201 2724 By·

141 2765 297 2837 nantinae,
334 2763 441 2841 pedem
469 2763 653 2840 proferamus
684 2765 802 2838 oportet
831 2761 865 2819 in
895 2762 973 2820 hanc
995 2760 1147 2821 horridam
1164 2757 1201 2815 iu·
1235 2838 1238 2843 Ι

140 2877 308 2954 cultamque
338 2874 499 2949 regionem.
543 2877 636 2932 restat
666 2872 745 2932 euim
778 2871 911 2932 narratio
934 2873 1063 2932 Taetaac
1083 2872 1116 2931 in
1140 2871 1199 2946 Lyc.

209 3062 252 3127 63)
270 3048 301 3110 de'
325 3061 470 3123 parentibus
489 3075 510 3109 e.
528 3062 564 3120 gr.
581 3061 667 3121 qualos
685 3057 776 3106 tuerint
793 3057 859 3118 apud
877 3055 1059 3105 Callimachum
1077 3057 1138 3104 nihil
1153 3066 1198 3101 ocu·

141 3154 199 3197 stat.
233 3152 258 3194 et
274 3154 332 3196 sunt
349 3147 414 3206 alia,
441 3160 505 3206 quae
528 3151 556 3192 nt
571 3145 645 3192 hodie
662 3144 736 3206 plane
754 3145 860 3192 obscura
885 3142 984 3191 silentio
1008 3156 1121 3202 premere
1137 3133 1198 3188 malti

141 3248 215 3294 quam
233 3233 369 3292 nugatoriis
386 3246 478 3280 vexare
495 3231 690 3280 ariolatiouibus.

207 3319 250 3378 64)
269 3318 329 3365 olim
345 3333 395 3364 van
412 3317 492 3364 inerat
508 3317 608 3364 nomini
637 3314 749 3363 conferre
765 3329 805 3362 me
817 3313 890 3362 iussit
905 3312 1076 3374 Kicsslingius
1092 3310 1197 3361 Priscian

139 3403 218 3453 instit
235 3405 248 3450 1
267 3406 297 3450 22
316 3401 376 3466 (vol.
394 3404 461 3463 IIp.
482 3404 521 3450 17
541 3398 584 3468 Η)
603 3406 627 3449 et
644 3401 680 3447 VI
697 3402 729 3449 69
748 3397 784 3467 (p.
802 3401 886 3462 254.,)
909 3399 953 3446 ubi
970 3403 1075 3447 testatur
1092 3407 1197 3460 gramma
1238 3418 1243 3497 p

138 3491 202 3538 tious
220 3490 309 3550 legisse
327 3504 353 3537 se
371 3487 572 3549 epigrammata
565 3502 591 3533 ur
608 3487 705 3548 tripode
722 3486 890 3534 vetustissimo
907 3484 1051 3546 Apollinis,
1077 3484 1118 3545 qui
1135 3479 1243 3532 staret·

140 3576 166 3622 iu
183 3575 326 3635 Xcrclophc
343 3574 458 3636 Byzantii
475 3574 511 3621 sio
529 3573 635 3633 scripta:

446 3652 672 3708 ΔΗΜΟΦΔΕΩΝ
690 3653 919 3706 ΛΑΡΟΚΟΕΩΝ.
1240 3682 1243 3693 ·

208 3749 270 3812 64³)
289 3747 378 3794 fratres
405 3746 502 3805 saepius
526 3744 590 3790 inter
617 3757 644 3790 se
670 3746 847 3802 permutantur.
883 3742 913 3788 of.
932 3755 996 3802 quae
1014 3741 1077 3793 dixit
1093 3740 1197 3793 wasmo-
1239 3702 1243 3831 1

139 3833 236 3882 witzius
254 3847 306 3896 ,aas
324 3829 464 3893 Kydathen’
488 3830 578 3875 Philol.
596 3829 811 3890 antorsuohuugeu
829 3827 882 3887 hrg.
902 3843 926 3874 v.
944 3827 974 3874 A.
993 3827 1122 3886 Kiessliug
1138 3839 1158 3871 a.
1173 3819 1197 3865 U·
1238 3876 1243 3889 Ι,

138 3915 815 3973 v.wilam0witz·Moeuendorffifaso.1p.138adn.
851 3913 917 3960 idem
934 3927 974 3959 me
991 3917 1076 3959 monet
1092 3919 1198 3959 memora·
1241 3912 1243 3919 '

139 4005 189 4052 bile
207 4019 261 4052 esse
278 4005 386 4059 Homero
406 4000 436 4069 (B
455 3998 515 4066 844)
534 4000 695 4047 Thracum
714 4000 801 4046 ducem
818 3999 903 4045 audire
920 3997 1090 4047 Acamantem.
