<?xml version="1.0" encoding="UTF-8"?>
<!DOCTYPE html PUBLIC "-//W3C//DTD XHTML 1.0 Transitional//EN"
    "http://www.w3.org/TR/xhtml1/DTD/xhtml1-transitional.dtd">
<html xmlns="http://www.w3.org/1999/xhtml" xml:lang="en" lang="en">
 <head>
  <title>
</title>
<meta http-equiv="Content-Type" content="text/html;charset=utf-8" />
  <meta name='ocr-system' content='tesseract 3.04.00' />
  <meta name='ocr-capabilities' content='ocr_page ocr_carea ocr_par ocr_line ocrx_word'/>
</head>
<body>
  <div class='ocr_page' id='page_1' title='image "./analectaalexand00knaagoog_0036.png"; bbox 0 0 2504 4656; ppageno 0'>
   <div class='ocr_carea' id='block_1_1' title="bbox 493 287 707 354">
    <p class='ocr_par' dir='ltr' id='par_1_1' title="bbox 493 287 707 354">
     <span class='ocr_line' id='line_1_1' title="bbox 493 287 707 354; baseline -0.014 -17"><span class='ocrx_word' id='word_1_1' title='bbox 493 287 707 354; x_wconf 64' lang='grc'>..29-</span> 
     </span>
    </p>
   </div>
   <div class='ocr_carea' id='block_1_2' title="bbox 341 576 846 659">
    <p class='ocr_par' dir='ltr' id='par_1_2' title="bbox 341 576 846 659">
     <span class='ocr_line' id='line_1_2' title="bbox 341 576 846 659; baseline -0.004 -15"><span class='ocrx_word' id='word_1_2' title='bbox 341 580 370 646; x_wconf 81' lang='lat'><strong>2.</strong></span> <span class='ocrx_word' id='word_1_3' title='bbox 414 579 462 644; x_wconf 90' lang='lat' dir='ltr'><strong>De</strong></span> <span class='ocrx_word' id='word_1_4' title='bbox 484 577 671 644; x_wconf 82' lang='lat' dir='ltr'>Callimachi</span> <span class='ocrx_word' id='word_1_5' title='bbox 692 576 846 659; x_wconf 84' lang='lat' dir='ltr'>Phyllide.</span> 
     </span>
    </p>
   </div>
   <div class='ocr_carea' id='block_1_3' title="bbox 10 731 1137 2812">
    <p class='ocr_par' dir='ltr' id='par_1_3' title="bbox 56 731 1137 1702">
     <span class='ocr_line' id='line_1_3' title="bbox 149 731 1135 811; baseline -0.003 -17"><span class='ocrx_word' id='word_1_6' title='bbox 149 738 285 798; x_wconf 91' lang='lat' dir='ltr'><strong>Pulcram</strong></span> <span class='ocrx_word' id='word_1_7' title='bbox 306 738 342 795; x_wconf 96' lang='lat' dir='ltr'><strong>de</strong></span> <span class='ocrx_word' id='word_1_8' title='bbox 364 733 503 811; x_wconf 83' lang='lat' dir='ltr'><strong>Phyllide</strong></span> <span class='ocrx_word' id='word_1_9' title='bbox 526 733 664 793; x_wconf 86' lang='lat' dir='ltr'><strong>fabellam</strong></span> <span class='ocrx_word' id='word_1_10' title='bbox 691 731 724 791; x_wconf 89' lang='lat' dir='ltr'><strong>in</strong></span> <span class='ocrx_word' id='word_1_11' title='bbox 746 732 842 792; x_wconf 82' lang='lat' dir='ltr'><strong>Astiis</strong></span> <span class='ocrx_word' id='word_1_12' title='bbox 870 732 964 792; x_wconf 86' lang='lat' dir='ltr'><strong>fusius</strong></span> <span class='ocrx_word' id='word_1_13' title='bbox 987 738 1135 792; x_wconf 81' lang='lat' dir='ltr'><strong>narratam</strong></span> 
     </span>
     <span class='ocr_line' id='line_1_4' title="bbox 56 844 1135 922; baseline -0.004 -15"><span class='ocrx_word' id='word_1_14' title='bbox 56 847 154 907; x_wconf 81' lang='lat' dir='ltr'><strong>fuisse</strong></span> <span class='ocrx_word' id='word_1_15' title='bbox 177 850 287 907; x_wconf 91' lang='lat' dir='ltr'><strong>dudum</strong></span> <span class='ocrx_word' id='word_1_16' title='bbox 309 846 500 906; x_wconf 88' lang='lat' dir='ltr'><strong>coniecerunt</strong></span> <span class='ocrx_word' id='word_1_17' title='bbox 520 844 672 903; x_wconf 89' lang='lat' dir='ltr'><strong>Rauchius</strong></span> <span class='ocrx_word' id='word_1_18' title='bbox 694 863 723 921; x_wconf 92' lang='lat' dir='ltr'><strong>p.</strong></span> <span class='ocrx_word' id='word_1_19' title='bbox 741 845 796 916; x_wconf 81' lang='lat'><strong>70,</strong></span> <span class='ocrx_word' id='word_1_20' title='bbox 825 844 984 922; x_wconf 87' lang='lat' dir='ltr'><strong>Dilthayus</strong></span> <span class='ocrx_word' id='word_1_21' title='bbox 1005 846 1045 902; x_wconf 87' lang='lat' dir='ltr'><strong>de.</strong></span> <span class='ocrx_word' id='word_1_22' title='bbox 1065 845 1135 921; x_wconf 81' lang='lat' dir='ltr'><strong>(lyd.</strong></span> 
     </span>
     <span class='ocr_line' id='line_1_5' title="bbox 57 955 1137 1040; baseline -0.003 -25"><span class='ocrx_word' id='word_1_23' title='bbox 57 979 90 1035; x_wconf 91' lang='lat' dir='ltr'><strong>p.</strong></span> <span class='ocrx_word' id='word_1_24' title='bbox 111 964 158 1031; x_wconf 87' lang='lat'><strong>80,</strong></span> <span class='ocrx_word' id='word_1_25' title='bbox 182 979 306 1040; x_wconf 90' lang='lat' dir='ltr'><strong>quorum</strong></span> <span class='ocrx_word' id='word_1_26' title='bbox 328 957 377 1015; x_wconf 92' lang='lat' dir='ltr'><strong>hic</strong></span> <span class='ocrx_word' id='word_1_27' title='bbox 399 956 472 1037; x_wconf 89' lang='lat' dir='ltr'><strong>quid</strong></span> <span class='ocrx_word' id='word_1_28' title='bbox 494 955 552 1014; x_wconf 91' lang='lat' dir='ltr'><strong>sibi</strong></span> <span class='ocrx_word' id='word_1_29' title='bbox 574 955 670 1013; x_wconf 88' lang='lat' dir='ltr'><strong>visum</strong></span> <span class='ocrx_word' id='word_1_30' title='bbox 692 955 794 1031; x_wconf 79' lang='lat' dir='ltr'><strong>paucis</strong></span> <span class='ocrx_word' id='word_1_31' title='bbox 816 955 976 1028; x_wconf 89' lang='lat' dir='ltr'><strong>indicavit,</strong></span> <span class='ocrx_word' id='word_1_32' title='bbox 997 955 1048 1014; x_wconf 92' lang='lat' dir='ltr'><strong>ille</strong></span> <span class='ocrx_word' id='word_1_33' title='bbox 1071 955 1137 1032; x_wconf 86' lang='lat' dir='ltr'><strong>Hy-</strong></span> 
     </span>
     <span class='ocr_line' id='line_1_6' title="bbox 58 1044 1135 1144; baseline -0.003 -17"><span class='ocrx_word' id='word_1_34' title='bbox 58 1069 126 1144; x_wconf 82' lang='lat' dir='ltr'><strong>gini</strong></span> <span class='ocrx_word' id='word_1_35' title='bbox 162 1071 220 1129; x_wconf 77' lang='lat' dir='ltr'><strong>aa.</strong></span> <span class='ocrx_word' id='word_1_36' title='bbox 245 1074 283 1126; x_wconf 82' lang='lat' dir='ltr'><strong>ee</strong></span> <span class='ocrx_word' id='word_1_37' title='bbox 322 1066 491 1127; x_wconf 73' lang='lat' dir='ltr'><strong>dubitanter</strong></span> <span class='ocrx_word' id='word_1_38' title='bbox 527 1065 673 1125; x_wconf 72' lang='lat' dir='ltr'><strong>auersere.</strong></span> <span class='ocrx_word' id='word_1_39' title='bbox 717 1044 905 1126; x_wconf 67' lang='lat' dir='ltr'><strong>&#39;contradixit</strong></span> <span class='ocrx_word' id='word_1_40' title='bbox 937 1065 1135 1124; x_wconf 64' lang='lat' dir='ltr'><strong>sennensis</strong></span> 
     </span>
     <span class='ocr_line' id='line_1_7' title="bbox 58 1175 1133 1257; baseline -0.005 -18"><span class='ocrx_word' id='word_1_41' title='bbox 58 1180 211 1257; x_wconf 80' lang='lat' dir='ltr'>Phyllidis</span> <span class='ocrx_word' id='word_1_42' title='bbox 237 1178 408 1238; x_wconf 88' lang='lat' dir='ltr'><strong>memoriam</strong></span> <span class='ocrx_word' id='word_1_43' title='bbox 438 1177 533 1236; x_wconf 90' lang='lat' dir='ltr'><strong>obiter</strong></span> <span class='ocrx_word' id='word_1_44' title='bbox 562 1182 678 1235; x_wconf 90' lang='lat' dir='ltr'><strong>tantum</strong></span> <span class='ocrx_word' id='word_1_45' title='bbox 705 1175 844 1236; x_wconf 88' lang='lat' dir='ltr'><strong>iniectam</strong></span> <span class='ocrx_word' id='word_1_46' title='bbox 873 1197 936 1236; x_wconf 90' lang='lat' dir='ltr'><strong>esse</strong></span> <span class='ocrx_word' id='word_1_47' title='bbox 965 1179 1133 1250; x_wconf 85' lang='lat' dir='ltr'><strong>arbitratus,</strong></span> 
     </span>
     <span class='ocr_line' id='line_1_8' title="bbox 59 1287 1132 1372; baseline -0.002 -22"><span class='ocrx_word' id='word_1_48' title='bbox 59 1311 139 1372; x_wconf 92' lang='lat' dir='ltr'><strong>quae</strong></span> <span class='ocrx_word' id='word_1_49' title='bbox 154 1289 267 1350; x_wconf 88' lang='lat' dir='ltr'><strong>scilicet</strong></span> <span class='ocrx_word' id='word_1_50' title='bbox 283 1309 335 1349; x_wconf 90' lang='lat' dir='ltr'><strong>suo</strong></span> <span class='ocrx_word' id='word_1_51' title='bbox 348 1287 502 1348; x_wconf 87' lang='lat' dir='ltr'><strong>Aetiorum</strong></span> <span class='ocrx_word' id='word_1_52' title='bbox 519 1288 636 1347; x_wconf 92' lang='lat' dir='ltr'><strong>modulo</strong></span> <span class='ocrx_word' id='word_1_53' title='bbox 652 1287 771 1347; x_wconf 87' lang='lat' dir='ltr'><strong>omniuo</strong></span> <span class='ocrx_word' id='word_1_54' title='bbox 787 1308 848 1348; x_wconf 91' lang='lat' dir='ltr'><strong>non</strong></span> <span class='ocrx_word' id='word_1_55' title='bbox 863 1289 1036 1348; x_wconf 87' lang='lat' dir='ltr'><strong>conveniret</strong></span> <span class='ocrx_word' id='word_1_56' title='bbox 1050 1289 1132 1368; x_wconf 78' lang='lat' dir='ltr'><strong>(Call.</strong></span> 
     </span>
     <span class='ocr_line' id='line_1_9' title="bbox 58 1399 1137 1480; baseline -0.004 -17"><span class='ocrx_word' id='word_1_57' title='bbox 58 1404 94 1463; x_wconf 88' lang='grc' dir='ltr'><strong>ΙΙ</strong></span> <span class='ocrx_word' id='word_1_58' title='bbox 117 1423 147 1479; x_wconf 89' lang='lat' dir='ltr'><strong>p.</strong></span> <span class='ocrx_word' id='word_1_59' title='bbox 161 1403 243 1478; x_wconf 88' lang='grc'>660).</span> <span class='ocrx_word' id='word_1_60' title='bbox 277 1400 394 1476; x_wconf 80' lang='lat' dir='ltr'><strong>egregia</strong></span> <span class='ocrx_word' id='word_1_61' title='bbox 413 1418 525 1458; x_wconf 90' lang='lat' dir='ltr'><strong>errasse</strong></span> <span class='ocrx_word' id='word_1_62' title='bbox 540 1399 638 1457; x_wconf 88' lang='lat' dir='ltr'><strong>virum</strong></span> <span class='ocrx_word' id='word_1_63' title='bbox 653 1399 771 1458; x_wconf 91' lang='lat' dir='ltr'><strong>doctum</strong></span> <span class='ocrx_word' id='word_1_64' title='bbox 785 1399 934 1476; x_wconf 78' lang='lat' dir='ltr'><strong>perspexi,</strong></span> <span class='ocrx_word' id='word_1_65' title='bbox 957 1420 1023 1460; x_wconf 92' lang='lat' dir='ltr'><strong>cum</strong></span> <span class='ocrx_word' id='word_1_66' title='bbox 1036 1399 1137 1480; x_wconf 91' lang='lat' dir='ltr'><strong>inqui·</strong></span> 
     </span>
     <span class='ocr_line' id='line_1_10' title="bbox 60 1510 1137 1593; baseline -0.003 -19"><span class='ocrx_word' id='word_1_67' title='bbox 60 1514 145 1593; x_wconf 85' lang='lat' dir='ltr'><strong>renti</strong></span> <span class='ocrx_word' id='word_1_68' title='bbox 166 1513 199 1571; x_wconf 93' lang='lat' dir='ltr'><strong>in</strong></span> <span class='ocrx_word' id='word_1_69' title='bbox 214 1511 298 1571; x_wconf 89' lang='lat' dir='ltr'><strong>varia</strong></span> <span class='ocrx_word' id='word_1_70' title='bbox 311 1510 428 1571; x_wconf 86' lang='lat' dir='ltr'><strong>fabulae</strong></span> <span class='ocrx_word' id='word_1_71' title='bbox 450 1510 619 1570; x_wconf 89' lang='lat' dir='ltr'><strong>testimonia</strong></span> <span class='ocrx_word' id='word_1_72' title='bbox 642 1510 836 1570; x_wconf 88' lang='lat' dir='ltr'><strong>occurrissent</strong></span> <span class='ocrx_word' id='word_1_73' title='bbox 849 1511 988 1588; x_wconf 89' lang='lat' dir='ltr'><strong>Procopii</strong></span> <span class='ocrx_word' id='word_1_74' title='bbox 1006 1511 1137 1573; x_wconf 83' lang='lat' dir='ltr'><strong>Gazetici</strong></span> 
     </span>
     <span class='ocr_line' id='line_1_11' title="bbox 62 1621 1136 1702; baseline -0.002 -18"><span class='ocrx_word' id='word_1_75' title='bbox 62 1623 211 1702; x_wconf 84' lang='lat' dir='ltr'><strong>epistulae</strong></span> <span class='ocrx_word' id='word_1_76' title='bbox 238 1627 274 1682; x_wconf 87' lang='lat'><strong>18</strong></span> <span class='ocrx_word' id='word_1_77' title='bbox 298 1628 329 1682; x_wconf 91' lang='lat' dir='ltr'><strong>et</strong></span> <span class='ocrx_word' id='word_1_78' title='bbox 352 1627 405 1695; x_wconf 87' lang='lat'><strong>86,</strong></span> <span class='ocrx_word' id='word_1_79' title='bbox 436 1639 558 1700; x_wconf 91' lang='lat' dir='ltr'><strong>quarum</strong></span> <span class='ocrx_word' id='word_1_80' title='bbox 586 1621 659 1679; x_wconf 90' lang='lat' dir='ltr'><strong>haec</strong></span> <span class='ocrx_word' id='word_1_81' title='bbox 680 1627 884 1696; x_wconf 82' lang='lat' dir='ltr'><strong>argumentum</strong></span> <span class='ocrx_word' id='word_1_82' title='bbox 914 1621 1025 1698; x_wconf 82' lang='lat' dir='ltr'><strong>elegiae</strong></span> <span class='ocrx_word' id='word_1_83' title='bbox 1048 1623 1136 1682; x_wconf 79' lang='lat' dir='ltr'><strong>ualli-</strong></span> 
     </span>
    </p>

    <p class='ocr_par' dir='ltr' id='par_1_4' title="bbox 10 1732 1136 2812">
     <span class='ocr_line' id='line_1_12' title="bbox 10 1732 1134 1815; baseline -0.001 -21"><span class='ocrx_word' id='word_1_84' title='bbox 10 1808 13 1815; x_wconf 30' lang='lat'><strong>,</strong></span> <span class='ocrx_word' id='word_1_85' title='bbox 65 1735 206 1794; x_wconf 88' lang='lat' dir='ltr'><strong>maaheae</strong></span> <span class='ocrx_word' id='word_1_86' title='bbox 228 1733 328 1794; x_wconf 88' lang='lat' dir='ltr'><strong>statim</strong></span> <span class='ocrx_word' id='word_1_87' title='bbox 349 1733 423 1791; x_wconf 92' lang='lat' dir='ltr'><strong>mihi</strong></span> <span class='ocrx_word' id='word_1_88' title='bbox 445 1732 511 1792; x_wconf 84' lang='lat' dir='ltr'><strong>risa</strong></span> <span class='ocrx_word' id='word_1_89' title='bbox 532 1737 577 1792; x_wconf 89' lang='lat' dir='ltr'><strong>est</strong></span> <span class='ocrx_word' id='word_1_90' title='bbox 598 1751 739 1793; x_wconf 84' lang='lat' dir='ltr'><strong>servasse.</strong></span> <span class='ocrx_word' id='word_1_91' title='bbox 782 1735 936 1809; x_wconf 89' lang='lat' dir='ltr'><strong>postmodo</strong></span> <span class='ocrx_word' id='word_1_92' title='bbox 966 1735 1043 1793; x_wconf 89' lang='lat' dir='ltr'><strong>hano</strong></span> <span class='ocrx_word' id='word_1_93' title='bbox 1072 1735 1134 1810; x_wconf 84' lang='lat' dir='ltr'><strong>glo·</strong></span> 
     </span>
     <span class='ocr_line' id='line_1_13' title="bbox 13 1842 1135 1925; baseline -0.001 -20"><span class='ocrx_word' id='word_1_94' title='bbox 13 1914 21 1921; x_wconf 47' lang='grc'><strong>,</strong></span> <span class='ocrx_word' id='word_1_95' title='bbox 63 1847 170 1905; x_wconf 89' lang='lat' dir='ltr'><strong>riolam</strong></span> <span class='ocrx_word' id='word_1_96' title='bbox 184 1845 301 1904; x_wconf 86' lang='lat' dir='ltr'><strong>Rohdio</strong></span> <span class='ocrx_word' id='word_1_97' title='bbox 321 1845 536 1904; x_wconf 75' lang='lat' dir='ltr'><strong>concedendam</strong></span> <span class='ocrx_word' id='word_1_98' title='bbox 552 1863 614 1903; x_wconf 87' lang='lat' dir='ltr'><strong>ease</strong></span> <span class='ocrx_word' id='word_1_99' title='bbox 629 1842 702 1902; x_wconf 85' lang='lat' dir='ltr'><strong>vidi.</strong></span> <span class='ocrx_word' id='word_1_100' title='bbox 744 1843 771 1902; x_wconf 89' lang='lat' dir='ltr'><strong>is</strong></span> <span class='ocrx_word' id='word_1_101' title='bbox 790 1843 869 1922; x_wconf 87' lang='lat' dir='ltr'><strong>enim</strong></span> <span class='ocrx_word' id='word_1_102' title='bbox 890 1844 921 1902; x_wconf 91' lang='lat' dir='ltr'><strong>in</strong></span> <span class='ocrx_word' id='word_1_103' title='bbox 944 1844 1029 1919; x_wconf 89' lang='lat' dir='ltr'><strong>libro,</strong></span> <span class='ocrx_word' id='word_1_104' title='bbox 1048 1865 1135 1925; x_wconf 90' lang='lat' dir='ltr'><strong>quam</strong></span> 
     </span>
     <span class='ocr_line' id='line_1_14' title="bbox 62 1953 1135 2036; baseline 0.002 -21"><span class='ocrx_word' id='word_1_105' title='bbox 62 1955 218 2034; x_wconf 87' lang='lat' dir='ltr'><strong>inscripsit</strong></span> <span class='ocrx_word' id='word_1_106' title='bbox 239 1958 301 2036; x_wconf 67' lang='lat' dir='ltr'><strong>,der</strong></span> <span class='ocrx_word' id='word_1_107' title='bbox 322 1955 504 2030; x_wconf 86' lang='lat' dir='ltr'><strong>griechische</strong></span> <span class='ocrx_word' id='word_1_108' title='bbox 527 1974 629 2015; x_wconf 90' lang='lat' dir='ltr'><strong>roman</strong></span> <span class='ocrx_word' id='word_1_109' title='bbox 650 1956 711 2013; x_wconf 93' lang='lat' dir='ltr'><strong>und</strong></span> <span class='ocrx_word' id='word_1_110' title='bbox 733 1954 816 2014; x_wconf 88' lang='lat' dir='ltr'><strong>scine</strong></span> <span class='ocrx_word' id='word_1_111' title='bbox 838 1953 995 2016; x_wconf 74' lang='lat' dir='ltr'><strong>rarituier&#39;</strong></span> <span class='ocrx_word' id='word_1_112' title='bbox 1017 1977 1046 2033; x_wconf 89' lang='lat' dir='ltr'><strong>p.</strong></span> <span class='ocrx_word' id='word_1_113' title='bbox 1063 1958 1135 2017; x_wconf 82' lang='grc'>413.</span> 
     </span>
     <span class='ocr_line' id='line_1_15' title="bbox 10 2066 1136 2159; baseline 0.002 -32"><span class='ocrx_word' id='word_1_114' title='bbox 10 2076 12 2159; x_wconf 38' lang='lat' dir='ltr'>j</span> <span class='ocrx_word' id='word_1_115' title='bbox 62 2068 129 2127; x_wconf 91' lang='lat' dir='ltr'><strong>adu.</strong></span> <span class='ocrx_word' id='word_1_116' title='bbox 152 2073 180 2126; x_wconf 79' lang='lat'><strong>2.</strong></span> <span class='ocrx_word' id='word_1_117' title='bbox 198 2066 299 2146; x_wconf 89' lang='lat' dir='ltr'><strong>(cll..p</strong></span> <span class='ocrx_word' id='word_1_118' title='bbox 317 2067 365 2126; x_wconf 88' lang='grc'><strong>37</strong></span> <span class='ocrx_word' id='word_1_119' title='bbox 384 2067 449 2125; x_wconf 90' lang='lat' dir='ltr'><strong>adn.</strong></span> <span class='ocrx_word' id='word_1_120' title='bbox 470 2072 496 2124; x_wconf 87' lang='lat'><strong>3.</strong></span> <span class='ocrx_word' id='word_1_121' title='bbox 512 2086 540 2142; x_wconf 92' lang='lat' dir='ltr'><strong>p.</strong></span> <span class='ocrx_word' id='word_1_122' title='bbox 562 2066 643 2144; x_wconf 85' lang='lat'><strong>129.)</strong></span> <span class='ocrx_word' id='word_1_123' title='bbox 661 2086 695 2125; x_wconf 88' lang='lat' dir='ltr'><strong>ea</strong></span> <span class='ocrx_word' id='word_1_124' title='bbox 712 2067 794 2127; x_wconf 88' lang='lat' dir='ltr'><strong>dero</strong></span> <span class='ocrx_word' id='word_1_125' title='bbox 811 2067 942 2129; x_wconf 85' lang='lat' dir='ltr'><strong>breviter</strong></span> <span class='ocrx_word' id='word_1_126' title='bbox 959 2068 1082 2128; x_wconf 88' lang='lat' dir='ltr'><strong>monuit</strong></span> <span class='ocrx_word' id='word_1_127' title='bbox 1106 2075 1136 2129; x_wconf 88' lang='lat' dir='ltr'><strong>at</strong></span> 
     </span>
     <span class='ocr_line' id='line_1_16' title="bbox 61 2177 1134 2257; baseline 0.003 -20"><span class='ocrx_word' id='word_1_128' title='bbox 61 2177 248 2237; x_wconf 86' lang='lat' dir='ltr'><strong>desiderabat</strong></span> <span class='ocrx_word' id='word_1_129' title='bbox 236 2185 284 2236; x_wconf 90' lang='lat' dir='ltr'><strong>tur</strong></span> <span class='ocrx_word' id='word_1_130' title='bbox 306 2180 416 2251; x_wconf 91' lang='lat' dir='ltr'><strong>adhuc,</strong></span> <span class='ocrx_word' id='word_1_131' title='bbox 444 2177 496 2257; x_wconf 91' lang='lat' dir='ltr'><strong>qui</strong></span> <span class='ocrx_word' id='word_1_132' title='bbox 518 2183 605 2237; x_wconf 88' lang='lat' dir='ltr'><strong>cunct</strong></span> <span class='ocrx_word' id='word_1_133' title='bbox 606 2177 666 2236; x_wconf 89' lang='lat' dir='ltr'><strong>ist</strong></span> <span class='ocrx_word' id='word_1_134' title='bbox 654 2177 780 2236; x_wconf 89' lang='lat' dir='ltr'><strong>testibus</strong></span> <span class='ocrx_word' id='word_1_135' title='bbox 803 2177 961 2253; x_wconf 84' lang='lat' dir='ltr'><strong>diligenter</strong></span> <span class='ocrx_word' id='word_1_136' title='bbox 983 2180 1134 2240; x_wconf 85' lang='lat' dir='ltr'><strong>examina-</strong></span> 
     </span>
     <span class='ocr_line' id='line_1_17' title="bbox 10 2242 1134 2369; baseline 0.004 -20"><span class='ocrx_word' id='word_1_137' title='bbox 10 2242 26 2351; x_wconf 77' lang='lat' dir='ltr'><strong>i:</strong></span> <span class='ocrx_word' id='word_1_138' title='bbox 62 2289 102 2349; x_wconf 90' lang='lat' dir='ltr'><strong>tis</strong></span> <span class='ocrx_word' id='word_1_139' title='bbox 118 2288 179 2348; x_wconf 91' lang='lat' dir='ltr'><strong>hist</strong></span> <span class='ocrx_word' id='word_1_140' title='bbox 167 2288 272 2349; x_wconf 87' lang='lat' dir='ltr'><strong>teriam</strong></span> <span class='ocrx_word' id='word_1_141' title='bbox 286 2288 523 2348; x_wconf 83' lang='lat' dir='ltr'><strong>venustissimam</strong></span> <span class='ocrx_word' id='word_1_142' title='bbox 540 2295 658 2348; x_wconf 91' lang='lat' dir='ltr'><strong>accurat</strong></span> <span class='ocrx_word' id='word_1_143' title='bbox 659 2307 674 2347; x_wconf 89' lang='lat' dir='ltr'><strong>e</strong></span> <span class='ocrx_word' id='word_1_144' title='bbox 689 2309 743 2365; x_wconf 90' lang='lat' dir='ltr'><strong>per</strong></span> <span class='ocrx_word' id='word_1_145' title='bbox 744 2294 891 2351; x_wconf 86' lang='lat' dir='ltr'><strong>t.ractaret</strong></span> <span class='ocrx_word' id='word_1_146' title='bbox 936 2290 1019 2350; x_wconf 90' lang='lat' dir='ltr'><strong>cuius</strong></span> <span class='ocrx_word' id='word_1_147' title='bbox 1035 2298 1134 2369; x_wconf 88' lang='lat' dir='ltr'><strong>partes</strong></span> 
     </span>
     <span class='ocr_line' id='line_1_18' title="bbox 10 2362 819 2481; baseline 0 -20"><span class='ocrx_word' id='word_1_148' title='bbox 10 2362 26 2481; x_wconf 70' lang='lat' dir='ltr'><strong>i</strong></span> <span class='ocrx_word' id='word_1_149' title='bbox 62 2420 177 2462; x_wconf 87' lang='lat' dir='ltr'><strong>summo</strong></span> <span class='ocrx_word' id='word_1_150' title='bbox 199 2420 265 2460; x_wconf 92' lang='lat' dir='ltr'><strong>cum</strong></span> <span class='ocrx_word' id='word_1_151' title='bbox 286 2401 393 2477; x_wconf 84' lang='lat' dir='ltr'><strong>gaudio</strong></span> <span class='ocrx_word' id='word_1_152' title='bbox 416 2399 579 2476; x_wconf 86' lang='lat' dir='ltr'><strong>suscepisse</strong></span> <span class='ocrx_word' id='word_1_153' title='bbox 601 2419 648 2459; x_wconf 88' lang='lat' dir='ltr'><strong>me</strong></span> <span class='ocrx_word' id='word_1_154' title='bbox 670 2400 760 2476; x_wconf 88' lang='lat' dir='ltr'><strong>profit</strong></span> <span class='ocrx_word' id='word_1_155' title='bbox 761 2420 819 2461; x_wconf 92' lang='lat' dir='ltr'><strong>eor.</strong></span> 
     </span>
     <span class='ocr_line' id='line_1_19' title="bbox 10 2486 1135 2597; baseline 0.006 -26"><span class='ocrx_word' id='word_1_156' title='bbox 10 2486 18 2597; x_wconf 55' lang='lat' dir='ltr'><strong>&#39;p</strong></span> <span class='ocrx_word' id='word_1_157' title='bbox 150 2511 307 2572; x_wconf 86' lang='lat' dir='ltr'><strong>Ordiamur</strong></span> <span class='ocrx_word' id='word_1_158' title='bbox 329 2532 346 2572; x_wconf 88' lang='lat' dir='ltr'><strong>a</strong></span> <span class='ocrx_word' id='word_1_159' title='bbox 367 2510 505 2588; x_wconf 90' lang='lat' dir='ltr'><strong>Procopii</strong></span> <span class='ocrx_word' id='word_1_160' title='bbox 527 2511 654 2593; x_wconf 90' lang='lat' dir='ltr'><strong>epistula</strong></span> <span class='ocrx_word' id='word_1_161' title='bbox 673 2516 720 2572; x_wconf 82' lang='lat'><strong>18.</strong></span> <span class='ocrx_word' id='word_1_162' title='bbox 752 2512 904 2590; x_wconf 85' lang='lat' dir='ltr'><strong>Stephano</strong></span> <span class='ocrx_word' id='word_1_163' title='bbox 926 2515 1018 2576; x_wconf 89' lang='lat' dir='ltr'><strong>amico</strong></span> <span class='ocrx_word' id='word_1_164' title='bbox 1041 2536 1135 2578; x_wconf 89' lang='lat' dir='ltr'><strong>enun-</strong></span> 
     </span>
     <span class='ocr_line' id='line_1_20' title="bbox 10 2606 1134 2717; baseline 0.004 -31"><span class='ocrx_word' id='word_1_165' title='bbox 10 2606 16 2717; x_wconf 61' lang='grc' dir='ltr'>ξ</span> <span class='ocrx_word' id='word_1_166' title='bbox 62 2624 120 2686; x_wconf 89' lang='lat' dir='ltr'><strong>tiat</strong></span> <span class='ocrx_word' id='word_1_167' title='bbox 154 2624 241 2685; x_wconf 79' lang='lat' dir='ltr'><strong>valde</strong></span> <span class='ocrx_word' id='word_1_168' title='bbox 274 2642 305 2682; x_wconf 90' lang='lat' dir='ltr'><strong>se</strong></span> <span class='ocrx_word' id='word_1_169' title='bbox 337 2643 523 2697; x_wconf 88' lang='lat' dir='ltr'><strong>succensere,</strong></span> <span class='ocrx_word' id='word_1_170' title='bbox 556 2624 635 2702; x_wconf 90' lang='lat' dir='ltr'><strong>quod</strong></span> <span class='ocrx_word' id='word_1_171' title='bbox 666 2629 812 2684; x_wconf 87' lang='lat' dir='ltr'><strong>amantem</strong></span> <span class='ocrx_word' id='word_1_172' title='bbox 844 2632 1057 2702; x_wconf 86' lang='lat' dir='ltr'><strong>aspernaretur.</strong></span> <span class='ocrx_word' id='word_1_173' title='bbox 1109 2631 1134 2691; x_wconf 88' lang='lat' dir='ltr'><strong>si</strong></span> 
     </span>
     <span class='ocr_line' id='line_1_21' title="bbox 10 2726 1135 2812; baseline 0.004 -16"><span class='ocrx_word' id='word_1_174' title='bbox 10 2726 20 2785; x_wconf 72' lang='lat' dir='ltr'><strong>i</strong></span> <span class='ocrx_word' id='word_1_175' title='bbox 63 2734 285 2808; x_wconf 84' lang='lat' dir='ltr'><strong>Alaxandriam,</strong></span> <span class='ocrx_word' id='word_1_176' title='bbox 307 2736 458 2794; x_wconf 88' lang='lat' dir='ltr'><strong>Musarum</strong></span> <span class='ocrx_word' id='word_1_177' title='bbox 480 2735 589 2807; x_wconf 89' lang='lat' dir='ltr'><strong>sedem,</strong></span> <span class='ocrx_word' id='word_1_178' title='bbox 610 2733 770 2794; x_wconf 88' lang='lat' dir='ltr'><strong>etiamnum</strong></span> <span class='ocrx_word' id='word_1_179' title='bbox 791 2735 985 2812; x_wconf 83' lang='lat' dir='ltr'><strong>inhabitaret,</strong></span> <span class='ocrx_word' id='word_1_180' title='bbox 1016 2740 1135 2801; x_wconf 87' lang='lat' dir='ltr'><strong>Ulixem</strong></span> 
     </span>
    </p>
   </div>
   <div class='ocr_carea' id='block_1_4' title="bbox 10 2806 1134 2927">
    <p class='ocr_par' dir='ltr' id='par_1_5' title="bbox 10 2806 1134 2927">
     <span class='ocr_line' id='line_1_22' title="bbox 10 2806 1134 2927; baseline 0.004 -20"><span class='ocrx_word' id='word_1_181' title='bbox 10 2806 20 2911; x_wconf 81' lang='lat' dir='ltr'><strong>i·</strong></span> <span class='ocrx_word' id='word_1_182' title='bbox 63 2847 231 2908; x_wconf 88' lang='lat' dir='ltr'><strong>imitaretur</strong></span> <span class='ocrx_word' id='word_1_183' title='bbox 260 2847 381 2905; x_wconf 87' lang='lat' dir='ltr'><strong>Ithacae</strong></span> <span class='ocrx_word' id='word_1_184' title='bbox 413 2865 557 2925; x_wconf 89' lang='lat' dir='ltr'><strong>nusquam</strong></span> <span class='ocrx_word' id='word_1_185' title='bbox 588 2844 795 2906; x_wconf 89' lang='lat' dir='ltr'><strong>immemorem.</strong></span> <span class='ocrx_word' id='word_1_186' title='bbox 845 2853 908 2908; x_wconf 91' lang='lat' dir='ltr'><strong>tum</strong></span> <span class='ocrx_word' id='word_1_187' title='bbox 937 2850 1051 2927; x_wconf 82' lang='lat' dir='ltr'><strong>pergit:</strong></span> <span class='ocrx_word' id='word_1_188' title='bbox 1083 2848 1134 2911; x_wconf 82' lang='lat' dir='ltr'><strong>aad</strong></span> 
     </span>
    </p>
   </div>
   <div class='ocr_carea' id='block_1_5' title="bbox 10 2928 269 3021">
    <p class='ocr_par' dir='ltr' id='par_1_6' title="bbox 10 2928 269 3021">
     <span class='ocr_line' id='line_1_23' title="bbox 10 2928 269 3021; baseline -0.042 0"><span class='ocrx_word' id='word_1_189' title='bbox 10 2928 17 3021; x_wconf 86' lang='grc' dir='ltr'>λ</span> <span class='ocrx_word' id='word_1_190' title='bbox 64 3001 269 3010; x_wconf 48' lang='lat' dir='ltr'><strong>m</strong></span> 
     </span>
    </p>
   </div>
   <div class='ocr_carea' id='block_1_6' title="bbox 10 3026 1151 3703">
    <p class='ocr_par' dir='ltr' id='par_1_7' title="bbox 10 3026 1151 3703">
     <span class='ocr_line' id='line_1_24' title="bbox 10 3026 1135 3191; baseline 0.012 -26"><span class='ocrx_word' id='word_1_191' title='bbox 10 3026 17 3165; x_wconf 87' lang='lat' dir='ltr'><strong>i</strong></span> <span class='ocrx_word' id='word_1_192' title='bbox 62 3118 153 3172; x_wconf 75' lang='lat'>25⁷0</span> <span class='ocrx_word' id='word_1_193' title='bbox 171 3111 306 3172; x_wconf 76' lang='grc' dir='ltr'>λίνονδ’</span> <span class='ocrx_word' id='word_1_194' title='bbox 292 3113 339 3170; x_wconf 80' lang='lat' dir='ltr'><strong>arrd</strong></span> <span class='ocrx_word' id='word_1_195' title='bbox 360 3113 436 3171; x_wconf 77' lang='lat' dir='ltr'><strong>araldo</strong></span> <span class='ocrx_word' id='word_1_196' title='bbox 453 3109 548 3184; x_wconf 76' lang='grc' dir='ltr'><strong>ἄειδεν]</strong></span> <span class='ocrx_word' id='word_1_197' title='bbox 574 3110 630 3170; x_wconf 82' lang='grc' dir='ltr'>οἷντλ</span> <span class='ocrx_word' id='word_1_198' title='bbox 646 3116 689 3171; x_wconf 82' lang='grc' dir='ltr'><strong>τοῦ</strong></span> <span class='ocrx_word' id='word_1_199' title='bbox 707 3113 811 3184; x_wconf 77' lang='grc' dir='ltr'><strong>τήνπ</strong></span> <span class='ocrx_word' id='word_1_200' title='bbox 779 3115 907 3191; x_wconf 68' lang='lat' dir='ltr'><strong>tulliam</strong></span> <span class='ocrx_word' id='word_1_201' title='bbox 925 3120 962 3191; x_wconf 75' lang='grc' dir='ltr'><strong>τῷ</strong></span> <span class='ocrx_word' id='word_1_202' title='bbox 980 3116 1135 3185; x_wconf 76' lang='grc' dir='ltr'>’Λπόλλωνος</span> 
     </span>
     <span class='ocr_line' id='line_1_25' title="bbox 10 3196 1135 3278; baseline 0.007 -21"><span class='ocrx_word' id='word_1_203' title='bbox 10 3212 15 3247; x_wconf 76' lang='grc' dir='ltr'><em>ἱ</em></span> <span class='ocrx_word' id='word_1_204' title='bbox 61 3203 138 3259; x_wconf 75' lang='grc' dir='ltr'>παιδὶ</span> <span class='ocrx_word' id='word_1_205' title='bbox 156 3196 262 3273; x_wconf 63' lang='lat' dir='ltr'><strong>ridde*</strong></span> <span class='ocrx_word' id='word_1_206' title='bbox 248 3219 299 3258; x_wconf 88' lang='grc' dir='ltr'>οντι</span> <span class='ocrx_word' id='word_1_207' title='bbox 317 3201 398 3271; x_wconf 82' lang='grc' dir='ltr'>νηπίῳ</span> <span class='ocrx_word' id='word_1_208' title='bbox 417 3198 500 3255; x_wconf 86' lang='grc' dir='ltr'><strong>καλ</strong></span> <span class='ocrx_word' id='word_1_209' title='bbox 485 3199 533 3255; x_wconf 75' lang='lat' dir='ltr'><strong>orti</strong></span> <span class='ocrx_word' id='word_1_210' title='bbox 559 3203 639 3256; x_wconf 76' lang='grc' dir='ltr'>κυνῶν</span> <span class='ocrx_word' id='word_1_211' title='bbox 664 3221 738 3270; x_wconf 87' lang='grc' dir='ltr'>ποιμε</span> <span class='ocrx_word' id='word_1_212' title='bbox 726 3204 814 3258; x_wconf 78' lang='grc' dir='ltr'>νικῶν</span> <span class='ocrx_word' id='word_1_213' title='bbox 836 3207 1017 3262; x_wconf 58' lang='grc' dir='ltr'>διαοπαοθέντι</span> <span class='ocrx_word' id='word_1_214' title='bbox 1033 3209 1135 3278; x_wconf 84' lang='grc' dir='ltr'>πρώτην</span> 
     </span>
     <span class='ocr_line' id='line_1_26' title="bbox 61 3287 1151 3361; baseline 0.004 -18"><span class='ocrx_word' id='word_1_215' title='bbox 61 3287 198 3361; x_wconf 59' lang='lat' dir='ltr'><strong>dotrinae.</strong></span> <span class='ocrx_word' id='word_1_216' title='bbox 233 3292 281 3339; x_wconf 89' lang='lat' dir='ltr'><strong>hoc</strong></span> <span class='ocrx_word' id='word_1_217' title='bbox 303 3290 500 3340; x_wconf 86' lang='lat' dir='ltr'><strong>subministravit</strong></span> <span class='ocrx_word' id='word_1_218' title='bbox 516 3291 730 3340; x_wconf 84' lang='lat' dir='ltr'><strong>Wilamowitzius.</strong></span> <span class='ocrx_word' id='word_1_219' title='bbox 766 3295 844 3341; x_wconf 86' lang='lat' dir='ltr'><strong>altera</strong></span> <span class='ocrx_word' id='word_1_220' title='bbox 867 3296 958 3344; x_wconf 88' lang='lat' dir='ltr'><strong>mentio</strong></span> <span class='ocrx_word' id='word_1_221' title='bbox 985 3303 1052 3344; x_wconf 85' lang='lat' dir='ltr'><strong>extat</strong></span> <span class='ocrx_word' id='word_1_222' title='bbox 1069 3300 1151 3360; x_wconf 73' lang='lat' dir='ltr'><strong>apud,</strong></span> 
     </span>
     <span class='ocr_line' id='line_1_27' title="bbox 60 3371 1136 3452; baseline 0.01 -26"><span class='ocrx_word' id='word_1_223' title='bbox 60 3379 183 3426; x_wconf 88' lang='lat' dir='ltr'><strong>Photinm</strong></span> <span class='ocrx_word' id='word_1_224' title='bbox 200 3393 220 3427; x_wconf 87' lang='lat' dir='ltr'><strong>s.</strong></span> <span class='ocrx_word' id='word_1_225' title='bbox 231 3393 256 3426; x_wconf 81' lang='lat' dir='ltr'><strong>r.</strong></span> <span class='ocrx_word' id='word_1_226' title='bbox 276 3374 349 3430; x_wconf 79' lang='grc' dir='ltr'>Λίνον</span> <span class='ocrx_word' id='word_1_227' title='bbox 363 3415 368 3425; x_wconf 92' lang='grc'>.</span> <span class='ocrx_word' id='word_1_228' title='bbox 383 3411 408 3425; x_wconf 87' lang='grc'><strong>..</strong></span> <span class='ocrx_word' id='word_1_229' title='bbox 429 3374 539 3442; x_wconf 77' lang='grc' dir='ltr'>ἐγένοντο</span> <span class='ocrx_word' id='word_1_230' title='bbox 556 3375 585 3429; x_wconf 77' lang='grc' dir='ltr'><strong>δὲ</strong></span> <span class='ocrx_word' id='word_1_231' title='bbox 596 3381 664 3442; x_wconf 82' lang='grc' dir='ltr'><strong>τρεῖς</strong></span> <span class='ocrx_word' id='word_1_232' title='bbox 681 3371 855 3442; x_wconf 68' lang='lat' dir='ltr'><strong>presentior,</strong></span> <span class='ocrx_word' id='word_1_233' title='bbox 875 3375 899 3444; x_wconf 74' lang='grc' dir='ltr'><strong>[ὁ</strong></span> <span class='ocrx_word' id='word_1_234' title='bbox 912 3398 931 3447; x_wconf 87' lang='grc' dir='ltr'>μ</span> <span class='ocrx_word' id='word_1_235' title='bbox 932 3379 967 3447; x_wconf 83' lang='grc' dir='ltr'><strong>ὲν]</strong></span> <span class='ocrx_word' id='word_1_236' title='bbox 986 3381 1136 3452; x_wconf 79' lang='grc' dir='ltr'>Καλλιόπης</span> 
     </span>
     <span class='ocr_line' id='line_1_28' title="bbox 62 3456 1136 3535; baseline 0.005 -18"><span class='ocrx_word' id='word_1_237' title='bbox 62 3461 122 3533; x_wconf 74' lang='grc' dir='ltr'>[καὶ</span> <span class='ocrx_word' id='word_1_238' title='bbox 133 3458 311 3528; x_wconf 80' lang='grc' dir='ltr'>’Δπόλλωνος],</span> <span class='ocrx_word' id='word_1_239' title='bbox 330 3457 344 3514; x_wconf 79' lang='lat' dir='ltr'><strong>o‘</strong></span> <span class='ocrx_word' id='word_1_240' title='bbox 362 3460 392 3516; x_wconf 75' lang='lat' dir='ltr'><strong>dl</strong></span> <span class='ocrx_word' id='word_1_241' title='bbox 404 3459 554 3528; x_wconf 80' lang='grc' dir='ltr'>Χαλκιόπης</span> <span class='ocrx_word' id='word_1_242' title='bbox 570 3466 634 3525; x_wconf 91' lang='lat' dir='ltr'><strong>(cod.</strong></span> <span class='ocrx_word' id='word_1_243' title='bbox 648 3456 798 3529; x_wconf 83' lang='grc' dir='ltr'>Ἀλκιόπης)</span> <span class='ocrx_word' id='word_1_244' title='bbox 817 3458 1035 3529; x_wconf 73' lang='grc' dir='ltr'>καλἊπόλλωνος,</span> <span class='ocrx_word' id='word_1_245' title='bbox 1053 3469 1136 3535; x_wconf 79' lang='grc' dir='ltr'>τρίτος</span> 
     </span>
     <span class='ocr_line' id='line_1_29' title="bbox 59 3544 1135 3619; baseline 0.007 -19"><span class='ocrx_word' id='word_1_246' title='bbox 59 3548 93 3604; x_wconf 82' lang='grc' dir='ltr'><strong>δὲ</strong></span> <span class='ocrx_word' id='word_1_247' title='bbox 111 3545 250 3614; x_wconf 64' lang='grc' dir='ltr'><strong>Ψαμάθης</strong></span> <span class='ocrx_word' id='word_1_248' title='bbox 265 3549 313 3614; x_wconf 76' lang='grc' dir='ltr'><strong>τῆς</strong></span> <span class='ocrx_word' id='word_1_249' title='bbox 330 3544 469 3614; x_wconf 80' lang='grc' dir='ltr'>Κροτώπου</span> <span class='ocrx_word' id='word_1_250' title='bbox 494 3550 559 3613; x_wconf 91' lang='lat' dir='ltr'><strong>(cod.</strong></span> <span class='ocrx_word' id='word_1_251' title='bbox 579 3547 697 3614; x_wconf 81' lang='lat' dir='ltr'><strong>errleo)</strong></span> <span class='ocrx_word' id='word_1_252' title='bbox 722 3547 766 3600; x_wconf 83' lang='grc' dir='ltr'><strong>καλ</strong></span> <span class='ocrx_word' id='word_1_253' title='bbox 783 3545 946 3610; x_wconf 82' lang='grc' dir='ltr'>Ἀπόλλωνος.</span> <span class='ocrx_word' id='word_1_254' title='bbox 983 3561 1135 3619; x_wconf 83' lang='lat' dir='ltr'><strong>corruptelas</strong></span> 
     </span>
     <span class='ocr_line' id='line_1_30' title="bbox 60 3635 1135 3703; baseline 0.005 -16"><span class='ocrx_word' id='word_1_255' title='bbox 60 3637 166 3687; x_wconf 85' lang='lat' dir='ltr'><strong>sanavit</strong></span> <span class='ocrx_word' id='word_1_256' title='bbox 182 3637 304 3696; x_wconf 87' lang='lat' dir='ltr'><strong>Hauptius</strong></span> <span class='ocrx_word' id='word_1_257' title='bbox 321 3649 405 3696; x_wconf 87' lang='lat' dir='ltr'><strong>opusc.</strong></span> <span class='ocrx_word' id='word_1_258' title='bbox 424 3636 463 3682; x_wconf 90' lang='lat'><strong>111</strong></span> <span class='ocrx_word' id='word_1_259' title='bbox 479 3650 504 3695; x_wconf 87' lang='lat' dir='ltr'><strong>p.</strong></span> <span class='ocrx_word' id='word_1_260' title='bbox 519 3637 576 3693; x_wconf 79' lang='lat'><strong>542,</strong></span> <span class='ocrx_word' id='word_1_261' title='bbox 594 3648 673 3694; x_wconf 88' lang='lat' dir='ltr'><strong>pauca</strong></span> <span class='ocrx_word' id='word_1_262' title='bbox 690 3635 760 3683; x_wconf 88' lang='lat' dir='ltr'><strong>uncis</strong></span> <span class='ocrx_word' id='word_1_263' title='bbox 777 3635 873 3684; x_wconf 90' lang='lat' dir='ltr'><strong>inclusa</strong></span> <span class='ocrx_word' id='word_1_264' title='bbox 890 3652 934 3698; x_wconf 85' lang='lat' dir='ltr'><strong>ego</strong></span> <span class='ocrx_word' id='word_1_265' title='bbox 948 3643 1069 3703; x_wconf 87' lang='lat' dir='ltr'><strong>supplevi.</strong></span> <span class='ocrx_word' id='word_1_266' title='bbox 1105 3645 1135 3692; x_wconf 91' lang='lat' dir='ltr'><strong>de</strong></span> 
     </span>
    </p>
   </div>
   <div class='ocr_carea' id='block_1_7' title="bbox 10 3721 1135 4217">
    <p class='ocr_par' dir='ltr' id='par_1_8' title="bbox 59 3721 1135 4046">
     <span class='ocr_line' id='line_1_31' title="bbox 61 3721 1135 3784; baseline -0.001 -14"><span class='ocrx_word' id='word_1_267' title='bbox 61 3721 170 3782; x_wconf 77' lang='lat' dir='ltr'><strong>Crotopi</strong></span> <span class='ocrx_word' id='word_1_268' title='bbox 187 3722 380 3782; x_wconf 87' lang='lat' dir='ltr'><strong>Psamathesqua</strong></span> <span class='ocrx_word' id='word_1_269' title='bbox 397 3721 534 3781; x_wconf 84' lang='lat' dir='ltr'><strong>veriloquio</strong></span> <span class='ocrx_word' id='word_1_270' title='bbox 552 3721 626 3768; x_wconf 86' lang='lat' dir='ltr'><strong>adeas</strong></span> <span class='ocrx_word' id='word_1_271' title='bbox 644 3721 801 3768; x_wconf 84' lang='lat' dir='ltr'><strong>walcherum</strong></span> <span class='ocrx_word' id='word_1_272' title='bbox 819 3723 835 3770; x_wconf 93' lang='lat' dir='ltr'><strong>l.</strong></span> <span class='ocrx_word' id='word_1_273' title='bbox 855 3725 870 3769; x_wconf 91' lang='lat' dir='ltr'><strong>l.</strong></span> <span class='ocrx_word' id='word_1_274' title='bbox 889 3739 913 3784; x_wconf 88' lang='lat' dir='ltr'><strong>p.</strong></span> <span class='ocrx_word' id='word_1_275' title='bbox 934 3727 973 3772; x_wconf 85' lang='grc'><strong>17.</strong></span> <span class='ocrx_word' id='word_1_276' title='bbox 998 3729 1057 3776; x_wconf 87' lang='lat' dir='ltr'><strong>mihi</strong></span> <span class='ocrx_word' id='word_1_277' title='bbox 1074 3731 1135 3779; x_wconf 92' lang='lat' dir='ltr'><strong>Psa.</strong></span> 
     </span>
     <span class='ocr_line' id='line_1_32' title="bbox 59 3806 1132 3875; baseline 0.007 -19"><span class='ocrx_word' id='word_1_278' title='bbox 59 3808 151 3856; x_wconf 80' lang='lat' dir='ltr'><strong>metha</strong></span> <span class='ocrx_word' id='word_1_279' title='bbox 174 3808 286 3867; x_wconf 87' lang='lat' dir='ltr'><strong>aprima</strong></span> <span class='ocrx_word' id='word_1_280' title='bbox 310 3808 403 3868; x_wconf 78' lang='lat' dir='ltr'><strong>origine</strong></span> <span class='ocrx_word' id='word_1_281' title='bbox 427 3806 524 3854; x_wconf 88' lang='lat' dir='ltr'><strong>videtur</strong></span> <span class='ocrx_word' id='word_1_282' title='bbox 549 3806 625 3854; x_wconf 87' lang='lat' dir='ltr'><strong>fuisse</strong></span> <span class='ocrx_word' id='word_1_283' title='bbox 651 3806 760 3867; x_wconf 86' lang='lat' dir='ltr'><strong>nympha</strong></span> <span class='ocrx_word' id='word_1_284' title='bbox 784 3809 826 3869; x_wconf 86' lang='lat' dir='ltr'><strong>(ef.</strong></span> <span class='ocrx_word' id='word_1_285' title='bbox 844 3809 945 3857; x_wconf 89' lang='lat' dir='ltr'><strong>Hesiod.</strong></span> <span class='ocrx_word' id='word_1_286' title='bbox 965 3812 1055 3875; x_wconf 81' lang='lat' dir='ltr'><strong>Theog.</strong></span> <span class='ocrx_word' id='word_1_287' title='bbox 1076 3818 1132 3866; x_wconf 81' lang='lat'><strong>260.</strong></span> 
     </span>
     <span class='ocr_line' id='line_1_33' title="bbox 61 3892 1134 3962; baseline 0.005 -17"><span class='ocrx_word' id='word_1_288' title='bbox 61 3896 145 3954; x_wconf 86' lang='lat'><strong>1004,</strong></span> <span class='ocrx_word' id='word_1_289' title='bbox 161 3892 206 3940; x_wconf 88' lang='lat' dir='ltr'><strong>nbi</strong></span> <span class='ocrx_word' id='word_1_290' title='bbox 222 3895 299 3942; x_wconf 89' lang='lat' dir='ltr'><strong>Phoci</strong></span> <span class='ocrx_word' id='word_1_291' title='bbox 315 3898 393 3942; x_wconf 86' lang='lat' dir='ltr'><strong>mater</strong></span> <span class='ocrx_word' id='word_1_292' title='bbox 410 3908 439 3940; x_wconf 87' lang='lat' dir='ltr'><strong>ex</strong></span> <span class='ocrx_word' id='word_1_293' title='bbox 451 3894 533 3941; x_wconf 76' lang='lat' dir='ltr'><strong>Aeaco</strong></span> <span class='ocrx_word' id='word_1_294' title='bbox 550 3894 585 3941; x_wconf 87' lang='lat' dir='ltr'><strong>fit.</strong></span> <span class='ocrx_word' id='word_1_295' title='bbox 604 3892 687 3941; x_wconf 87' lang='lat' dir='ltr'><strong>Protei</strong></span> <span class='ocrx_word' id='word_1_296' title='bbox 698 3907 760 3941; x_wconf 83' lang='lat' dir='ltr'><strong>uxor</strong></span> <span class='ocrx_word' id='word_1_297' title='bbox 777 3898 814 3942; x_wconf 88' lang='lat' dir='ltr'><strong>est</strong></span> <span class='ocrx_word' id='word_1_298' title='bbox 831 3909 871 3955; x_wconf 91' lang='lat' dir='ltr'><strong>ap.</strong></span> <span class='ocrx_word' id='word_1_299' title='bbox 883 3896 942 3943; x_wconf 83' lang='lat' dir='ltr'><strong>Eur.</strong></span> <span class='ocrx_word' id='word_1_300' title='bbox 954 3898 1011 3947; x_wconf 89' lang='lat' dir='ltr'><strong>Hel.</strong></span> <span class='ocrx_word' id='word_1_301' title='bbox 1025 3903 1067 3962; x_wconf 82' lang='grc'>1.).</span> <span class='ocrx_word' id='word_1_302' title='bbox 1098 3917 1134 3949; x_wconf 86' lang='lat' dir='ltr'><strong>ra·</strong></span> 
     </span>
     <span class='ocr_line' id='line_1_34' title="bbox 60 3978 1135 4046; baseline 0.005 -16"><span class='ocrx_word' id='word_1_303' title='bbox 60 3978 161 4030; x_wconf 85' lang='lat' dir='ltr'><strong>mansit</strong></span> <span class='ocrx_word' id='word_1_304' title='bbox 177 3978 278 4040; x_wconf 79' lang='lat' dir='ltr'><strong>originis</strong></span> <span class='ocrx_word' id='word_1_305' title='bbox 289 3979 429 4039; x_wconf 83' lang='lat' dir='ltr'><strong>vestigium,</strong></span> <span class='ocrx_word' id='word_1_306' title='bbox 446 3978 511 4038; x_wconf 89' lang='lat' dir='ltr'><strong>quod</strong></span> <span class='ocrx_word' id='word_1_307' title='bbox 523 3979 638 4026; x_wconf 85' lang='lat' dir='ltr'><strong>Nemeaei</strong></span> <span class='ocrx_word' id='word_1_308' title='bbox 656 3980 688 4027; x_wconf 91' lang='lat' dir='ltr'><strong>ad</strong></span> <span class='ocrx_word' id='word_1_309' title='bbox 705 3979 812 4028; x_wconf 87' lang='lat' dir='ltr'><strong>fluminis</strong></span> <span class='ocrx_word' id='word_1_310' title='bbox 829 3983 921 4031; x_wconf 85' lang='lat' dir='ltr'><strong>undam</strong></span> <span class='ocrx_word' id='word_1_311' title='bbox 932 3984 985 4031; x_wconf 84' lang='lat' dir='ltr'><strong>rim</strong></span> <span class='ocrx_word' id='word_1_312' title='bbox 1004 3986 1042 4032; x_wconf 88' lang='lat' dir='ltr'><strong>dei</strong></span> <span class='ocrx_word' id='word_1_313' title='bbox 1060 4001 1135 4046; x_wconf 88' lang='lat' dir='ltr'><strong>passa</strong></span> 
     </span>
    </p>

    <p class='ocr_par' dir='ltr' id='par_1_9' title="bbox 10 4065 1134 4217">
     <span class='ocr_line' id='line_1_35' title="bbox 10 4065 1134 4125; baseline 0.005 -12"><span class='ocrx_word' id='word_1_314' title='bbox 10 4068 15 4079; x_wconf 93' lang='grc'><strong>“</strong></span> <span class='ocrx_word' id='word_1_315' title='bbox 63 4072 112 4117; x_wconf 81' lang='lat' dir='ltr'><strong>eat</strong></span> <span class='ocrx_word' id='word_1_316' title='bbox 148 4065 298 4113; x_wconf 81' lang='lat' dir='ltr'><strong>Psamathen</strong></span> <span class='ocrx_word' id='word_1_317' title='bbox 314 4067 407 4113; x_wconf 81' lang='lat' dir='ltr'><strong>iontem</strong></span> <span class='ocrx_word' id='word_1_318' title='bbox 423 4065 543 4125; x_wconf 82' lang='lat' dir='ltr'><strong>Argivum</strong></span> <span class='ocrx_word' id='word_1_319' title='bbox 559 4072 680 4113; x_wconf 88' lang='lat' dir='ltr'><strong>memorat</strong></span> <span class='ocrx_word' id='word_1_320' title='bbox 696 4066 761 4114; x_wconf 89' lang='lat' dir='ltr'><strong>Plin.</strong></span> <span class='ocrx_word' id='word_1_321' title='bbox 779 4067 809 4113; x_wconf 91' lang='lat' dir='ltr'><strong>H.</strong></span> <span class='ocrx_word' id='word_1_322' title='bbox 820 4068 851 4115; x_wconf 84' lang='lat' dir='ltr'><strong>N.</strong></span> <span class='ocrx_word' id='word_1_323' title='bbox 868 4068 904 4115; x_wconf 88' lang='lat' dir='ltr'><strong>IV</strong></span> <span class='ocrx_word' id='word_1_324' title='bbox 918 4073 957 4120; x_wconf 82' lang='grc'><strong>11.</strong></span> <span class='ocrx_word' id='word_1_325' title='bbox 969 4098 1002 4108; x_wconf 91' lang='lat'>—</span> <span class='ocrx_word' id='word_1_326' title='bbox 1021 4073 1134 4123; x_wconf 82' lang='lat' dir='ltr'><strong>Ceterum</strong></span> 
     </span>
     <span class='ocr_line' id='line_1_36' title="bbox 60 4150 913 4217; baseline 0.005 -17"><span class='ocrx_word' id='word_1_327' title='bbox 60 4150 231 4205; x_wconf 73' lang='lat' dir='ltr'><strong>Schneiderus</strong></span> <span class='ocrx_word' id='word_1_328' title='bbox 248 4156 366 4213; x_wconf 87' lang='lat' dir='ltr'><strong>quantum</strong></span> <span class='ocrx_word' id='word_1_329' title='bbox 383 4152 483 4201; x_wconf 85' lang='lat' dir='ltr'><strong>molitus</strong></span> <span class='ocrx_word' id='word_1_330' title='bbox 501 4152 540 4214; x_wconf 90' lang='lat' dir='ltr'><strong>sit,</strong></span> <span class='ocrx_word' id='word_1_331' title='bbox 558 4153 634 4214; x_wconf 86' lang='lat' dir='ltr'><strong>legas,</strong></span> <span class='ocrx_word' id='word_1_332' title='bbox 653 4153 675 4201; x_wconf 81' lang='lat' dir='ltr'><strong>si</strong></span> <span class='ocrx_word' id='word_1_333' title='bbox 692 4153 760 4214; x_wconf 88' lang='lat' dir='ltr'><strong>libet,</strong></span> <span class='ocrx_word' id='word_1_334' title='bbox 778 4155 795 4201; x_wconf 89' lang='lat' dir='ltr'><strong>l.</strong></span> <span class='ocrx_word' id='word_1_335' title='bbox 808 4155 823 4203; x_wconf 95' lang='lat' dir='ltr'><strong>l.</strong></span> <span class='ocrx_word' id='word_1_336' title='bbox 836 4169 860 4217; x_wconf 86' lang='lat' dir='ltr'><strong>p.</strong></span> <span class='ocrx_word' id='word_1_337' title='bbox 873 4156 913 4204; x_wconf 77' lang='lat'><strong>62.</strong></span> 
     </span>
    </p>
   </div>
   <div class='ocr_carea' id='block_1_8' title="bbox 0 0 1259 4656">
    <p class='ocr_par' dir='ltr' id='par_1_10' title="bbox 0 0 1259 4656">
     <span class='ocr_line' id='line_1_37' title="bbox 0 0 1259 4656; baseline 0 0"><span class='ocrx_word' id='word_1_338' title='bbox 0 0 1259 4656; x_wconf 95' lang='lat' dir='ltr'><strong> </strong></span> 
     </span>
    </p>
   </div>
  </div>
 </body>
</html>
