2504 4656
485 270 695 335 „21-

53 426 93 484 de
125 424 224 484 verbis
256 426 446 485 emendandis
476 426 664 486 dissentiunt.
709 425 792 487 varia
819 425 951 486 virorum
973 427 1125 487 doctorum

52 537 213 597 conamina
235 538 384 611 congessit
405 537 618 611 Schneiderus,
641 538 692 618 qni
714 557 848 610 versum,
871 536 967 616 qualis
989 556 1007 596 a
1028 557 1124 612 grem-

50 649 165 707 matico
180 649 237 707 isto
253 649 379 708 traditus
394 649 441 723 sit,
457 650 635 710 servandum
651 670 715 708 esse
730 649 782 721 ait,
805 648 950 725 pluralem
966 651 1124 710 verborum

21 768 24 773 '
48 761 181 819 formam
203 766 255 818 aut
276 760 312 818 de
335 759 474 837 Apolline
497 765 528 818 et
549 761 650 819 Poena
671 765 722 819 aut
743 761 779 818 de
802 759 938 833 canibus,
970 760 1021 840 qui
1050 780 1123 836 pue·

49 891 123 932 rum
136 871 322 950 diripuerint,
338 871 499 948 explicans.
526 878 626 930 utrum
641 871 736 947 magis
747 871 857 945 frigeat
868 871 976 932 nescio.
1009 876 1124 930 utrum·

22 1012 26 1017 ·
48 1003 111 1063 que
134 983 241 1041 falsum
264 1003 327 1042 esse
341 983 390 1044 vel
405 983 492 1042 Statii
514 983 579 1042 loco
603 983 738 1055 efficitur,
764 1002 851 1062 quem
872 984 929 1041 hac
950 982 1031 1042 inre
1054 982 1123 1042 sim-

12 1160 23 1167 ..
48 1092 180 1173 plioiora
201 1093 323 1152 finxisse
339 1094 404 1172 ipso
420 1093 599 1153 Oalhmacho
613 1114 733 1172 prorsus
747 1093 922 1153 incredibile
937 1097 990 1152 est.
1035 1096 1124 1172 atque

52 1205 165 1267 vellem
187 1205 286 1283 paullo
309 1206 431 1285 aequius
452 1206 613 1265 iudicasset
627 1205 675 1267 vir
697 1206 801 1265 doctus
823 1206 858 1264 de
881 1205 974 1265 altero
991 1205 1123 1264 testimo-

49 1317 114 1391 nio,
140 1318 216 1396 quod
233 1317 289 1375 etsi
312 1317 473 1375 clausulam
489 1337 591 1377 versus
614 1322 730 1376 tautum
752 1317 883 1390 exhibet,
907 1316 1040 1376 consulto
1062 1316 1123 1395 pri-

21 1452 25 1457 ·
50 1448 101 1488 mo
127 1427 254 1506 100031)
277 1428 376 1506 posui,
400 1428 470 1507 quia
491 1428 612 1505 propius
634 1432 668 1486 ut
689 1428 819 1488 arbitror
840 1447 858 1486 a
880 1427 1005 1489 veritate
1028 1429 1121 1501 abest,

50 1559 142 1620 quam
161 1529 396 1618 anonymhsille.
426 1540 505 1598 bunc
529 1540 607 1598 enim
625 1542 713 1601 verba
733 1541 792 1599 iam
816 1544 954 1618 corrupta
976 1540 1122 1616 interpre-

21 1674 24 1679 ·
49 1655 148 1712 tatum
180 1670 244 1711 esse
274 1670 448 1728 persuasum
477 1653 571 1710 habeo
603 1651 827 1730 adstipulorque
848 1650 976 1726 Bergkio
1003 1671 1121 1712 versum

10 1777 27 1827 ἱ·
52 1764 166 1842 optime
188 1763 231 1822 sic
252 1763 423 1822 restituenti
445 1762 550 1840 (Anth.
572 1762 628 1840 lyr.
651 1784 681 1840 p.
706 1763 803 1839 144.):

217 1869 344 1952 μητέρας
366 1869 550 1947 egressurae,
574 1866 756 1947 ἒκούφισθεν
778 1867 810 1932 δὲ
832 1874 960 1948 τιθῆναι.
1134 1887 1170 1933 lv

17 1986 23 2059 j
136 1987 181 2046 De
213 1985 319 2045 habitu
351 1987 469 2044 Poenae
498 2003 592 2063 panca
624 1985 737 2044 addam.
793 2004 879 2063 quem
907 1984 951 2043 ita
980 1983 1121 2043 describit

48 2099 179 2160 Statius:

208 2194 209 2201 ἵ
457 2208 544 2267 lateri
566 2209 623 2266 duo
647 2226 770 2284 corpora
792 2226 917 2283 parvum

10 2258 31 2411 ἰ
178 2320 345 2398 dependent
369 2325 399 2379 et
419 2321 478 2378 iam
499 2338 577 2379 unca
598 2338 701 2378 manus
724 2318 865 2380 vitalibus
886 2319 992 2378 haeret

10 2424 29 2635 ἐ
176 2431 339 2511 ferratique
361 2451 475 2505 ungues
497 2437 600 2491 tenero
624 2432 678 2489 sub
701 2431 789 2491 corde
810 2435 975 2509 tepescunt.

49 2564 120 2603 sane
141 2544 229 2603 foeda
250 2544 363 2617 imago,
386 2513 447 2604 'sed
470 2561 541 2604 eave
563 2547 657 2602 totam
677 2541 841 2601 luxurianti
863 2542 1052 2601 aemulatoris
1072 2543 1119 2601 in-

10 2638 137 2791 pgenio
167 2655 321 2715 attribuas.
366 2655 476 2714 etenim
508 2654 566 2713 ism
589 2653 763 2714 Welckerus
784 2652 803 2712 l.
824 2654 843 2712 l.
867 2673 896 2730 p.
918 2654 953 2711 17
977 2653 1044 2713 adn.
1069 2658 1117 2713 21.

10 2742 28 2833 n
50 2767 121 2827 scite
142 2766 260 2826 monuit
280 2786 399 2827 versum
421 2771 481 2824 609
505 2766 612 2824 mirum
628 2769 771 2844 quantum
793 2784 956 2840 congruere
973 2785 1039 2825 cum
1055 2784 1118 2826 car-

10 2836 28 2983 Ξ
50 2878 129 2938 mine
152 2877 289 2956 populari
311 2897 483 2952 neomecc,
509 2875 558 2936 ubi
576 2876 693 2936 Charon
715 2877 833 2936 Poenae
861 2882 961 2953 partes
980 2877 1117 2956 suscepit.

10 2986 261 3051 'transscribcm
283 2989 402 3048 Goethii
425 2988 609 3050 versionemr

10 3036 28 3185 Ξ
275 3101 322 3160 die
341 3103 455 3178 jungen
475 3100 569 3160 'treibt
592 3119 624 3158 er
645 3119 700 3160 vor
721 3098 786 3159 sich
807 3099 871 3173 hin,

10 3178 23 3321 ἓ
276 3212 412 3292 schleppt
433 3213 535 3272 hinter
557 3211 621 3271 sich
644 3211 691 3270 die
713 3211 809 3288 alten;

10 3328 24 3405 ξ’
274 3325 333 3384 die
353 3327 542 3401 jungsten
564 3326 671 3398 aber,
695 3322 912 3398 sduglinge,

10 3418 15 3485 l
34 3428 38 3432 ’
273 3436 313 3495 in
335 3437 420 3495 reih
443 3435 618 3510 gehsnkt
638 3455 692 3494 am
718 3435 841 3493 sattel.

40 3550 92 3608 sin
105 3567 180 3609 vero
197 3547 230 3606 in
244 3547 361 3626 pictura
372 3548 538 3627 Papinisna
553 3547 711 3607 rhetoricis
726 3546 886 3624 pigmentis
899 3547 1000 3606 fucata
1015 3547 1116 3607 lumen

39 3658 298 3737 deprehendimus
327 3660 430 3721 nativa
461 3660 586 3740 quadam
616 3657 806 3736 simplicitate
826 3657 1029 3735 perspicuum,
1059 3660 1117 3718 hoc

38 3776 134 3838 corte,
157 3789 218 3828 non
248 3772 284 3830 de
314 3791 366 3830 suo
396 3770 544 3830 addidisse
573 3775 692 3847 poetam
721 3770 771 3828 sed
803 3768 921 3828 aliunde
952 3775 1117 3829 mutuatum

113 3949 162 4014 31)
182 3955 283 4010 uterque
307 3966 336 3998 ex
359 3951 444 3998 eodem
465 3951 532 3997 fonte
554 3949 643 3997 hausit.
677 3953 734 4009 post
756 3947 902 3995 Callimachi
926 3962 1026 3995 versum
1049 3950 1115 4009 apud

33 4047 176 4097 utrumque
199 4035 308 4097 sequitur
326 4030 490 4101 α’κυρολογίας
513 4038 651 4096 exemplum
668 4050 697 4082 ex
720 4035 845 4094 Aeschylo
861 4033 964 4094 petitum
990 4032 1045 4099 (Ag.
1066 4037 1115 4084 659

34 4123 117 4191 nar.)

10 4294 144 4387 Ε
