2504 4656
502 249 715 315 ..54-

72 404 134 463 mul
155 408 245 483 atque
267 403 464 463 eruditionem
480 405 607 465 Nasonis
629 404 739 465 rectius
756 404 977 465 aestimandam.
1021 423 1125 483 quorun

72 514 234 590 specimina
256 535 417 593 proponam
441 514 513 589 tria,
536 516 587 576 ubi
606 516 732 595 primum
757 515 899 574 nonnulla
922 536 1023 593 presse
1044 516 1127 593 dispu-

72 630 191 686 tavero:

591 822 628 876 A.

73 930 121 996 Dc
142 930 267 997 ratione
288 950 370 1014 quac
397 932 578 999 intercedat
604 932 688 998 inter
711 931 859 997 Ovidium
883 936 916 996 et
938 930 1131 1000 Nicandrum.

157 1070 300 1130 Nicandri
321 1066 556 1150 ἕτεροιουμένοις
576 1093 661 1131 usum
684 1091 748 1131 esso
770 1073 916 1131 Nasonem
940 1070 1059 1132 disertis
1079 1090 1132 1133 ver·

74 1180 121 1239 bis
143 1179 255 1242 indicat
276 1181 390 1243 Probus
412 1184 449 1241 ad
462 1183 550 1259 Verg.
573 1204 671 1259 georg.
693 1185 710 1241 Ι
733 1189 794 1242 399
825 1183 902 1262 (Nic.
921 1183 956 1242 fr.
975 1180 1133 1259 strachol:

26 1316 30 1359 ς
75 1292 197 1350 dr'lectcc
221 1295 347 1353 Thetidis
373 1293 521 1372 alcyones]
551 1297 636 1353 caric
666 1304 709 1351 cst
737 1295 833 1373 opinio
864 1295 968 1352 Irarum
999 1295 1133 1353 volucrum
1180 1270 1183 1351 l

26 1458 28 1465 .
76 1404 208 1481 originis.
254 1407 350 1481 itaque
378 1408 407 1463 in
431 1407 525 1463 alteru
547 1408 674 1482 sequitur
698 1406 813 1464 Ouidius
835 1407 1026 1475 Nicandrum,
1052 1406 1081 1463 in
1100 1403 1136 1463 al·
1180 1402 1183 1473 j

76 1523 138 1572 tera
171 1513 415 1593 Theodorcm⁷⁵).
467 1515 596 1575 fabulam
625 1516 719 1593 ipsam
747 1516 828 1575 hisce
857 1517 1003 1575 adnexam
1031 1514 1137 1575 missam

75 1624 160 1698 facio,
185 1646 251 1685 cum
274 1625 473 1686 testimonium
490 1629 526 1685 de
539 1627 687 1686 Nicandro
709 1628 803 1686 solum
819 1629 905 1687 modo
928 1631 1040 1703 agatur.
1071 1625 1138 1707 quod
1168 1710 1171 1721 Ι

77 1756 116 1795 ex
139 1737 346 1796 commentario
368 1736 400 1796 in
424 1738 695 1797 transformationes
719 1737 881 1797 Ouidianae
904 1737 1079 1815 conscripto,
1099 1756 1139 1795 ou·

76 1847 123 1905 ius
137 1847 273 1923 uestigia,
294 1853 329 1908 ut
342 1850 398 1907 hoc
421 1851 534 1922 addam,
557 1852 674 1926 praeter
689 1849 876 1908 Lactantium
887 1848 1041 1925 Placidum
1056 1849 1141 1909 latent

76 1957 109 2015 in
132 1958 251 2017 scholiis
264 1959 452 2036 Vergilianis,
474 1963 679 2039 depromptum
703 1980 765 2020 esse
784 1962 894 2019 dudum
918 1961 991 2020 mihi
1009 1958 1141 2038 persuasi

76 2068 174 2128 Probo
191 2090 242 2129 cur
258 2070 489 2145 subdiffidamus‚
513 2071 594 2131 nulla
610 2072 728 2131 omnino
743 2074 845 2159 subest
857 2089 960 2133 causa:
980 2071 1069 2133 immo
1086 2089 1144 2133 oum

78 2180 254 2258 scriptorum
277 2182 390 2259 copiam
413 2183 506 2242 multo
529 2184 683 2258 largiorem
707 2203 794 2262 quam
816 2203 869 2242 nos
891 2188 1041 2257 tenemus,
1061 2183 1144 2243 inter·¹

78 2292 157 2369 preti
178 2292 224 2351 illi
246 2293 451 2370 suppeditasse
473 2294 505 2353 in
527 2295 685 2372 propatulo
709 2294 761 2369 sit,
785 2294 1032 2375 acquiescendum
1055 2291 1142 2353 estin

82 2402 251 2462 testimonio
274 2405 456 2480 gravissimo.
500 2406 556 2464 hoc
578 2426 595 2463 a
616 2406 733 2465 Rohdio
755 2406 774 2466 l.
793 2407 813 2466 1.
835 2426 864 2483 p.
884 2406 960 2479 127,
989 2404 1041 2464 ubi
1063 2405 1147 2471 uehe-¹

81 2518 196 2573 menter
219 2514 354 2574 dubitare
377 2535 407 2574 se
428 2515 522 2589 dixit,
546 2516 688 2575 Nicandri
710 2515 809 2594 copias
831 2537 902 2576 num
924 2515 1047 2576 adiisset
1067 2515 1148 2585 Naso,

82 2645 201 2703 prorsus
217 2626 383 2702 neglectum
406 2646 469 2687 esse
491 2626 581 2686 miror
603 2627 667 2705 (sed
690 2629 726 2687 cf.
744 2648 774 2704 p.
791 2627 871 2706 125).
913 2627 965 2707 qui
979 2628 1090 2687 factum
1105 2624 1148 2698 sit,

81 2742 115 2797 ut
137 2739 173 2797 ad
196 2738 272 2797 hanc
289 2738 466 2797 sententiam
486 2739 640 2798 devenerit
661 2738 708 2798 vir
730 2740 841 2813 doctus,
864 2739 979 2816 etipse
1000 2738 1089 2805 facile
1107 2737 1150 2799 ἰιι·Ι

81 2849 204 2923 telleges
226 2853 257 2907 et
278 2850 428 2924 professus
451 2853 496 2908 est
517 2849 661 2910 Rohdius.
706 2849 844 2909 nimirum
861 2870 1007 2929 nusquam
1024 2850 1053 2909 ai
1073 2849 1150 2908 visus

82 2964 127 3017 cst
140 2958 289 3017 Nicander
311 2960 391 3018 omni
414 2964 552 3041 exparte
576 2960 731 3020 concinere
754 2982 819 3021 cum
832 2961 950 3021 Ovidio.
996 2960 1081 3041 atqui
1095 2978 1150 3019 nou

83 3070 173 3130 semel
195 3069 334 3153 concinit.
377 3071 537 3131 incertiora
552 3091 630 3131 nunc
653 3093 713 3131 non
735 3093 822 3133 curo:
844 3072 963 3143 afferam
980 3092 1082 3151 pauca,
1104 3070 1153 3139 aad¹

81 3183 196 3241 idonea.

154 3338 196 3396 ⁷5)
214 3336 245 3383 de
270 3334 399 3383 Theodoro
424 3336 475 3382 sere
499 3335 561 3383 nihil
585 3340 713 3396 praetcrea
735 3336 832 3384 scimus.
869 3351 926 3383 narn
944 3335 986 3395 qui
1009 3337 1076 3396 apud
1093 3335 1151 3387 Plut.

84 3424 169 3483 parall.
188 3421 247 3468 min.
266 3422 307 3467 22.
327 3416 352 3469 ἐν
369 3423 425 3477 ταῖς
444 3415 672 3485 μεταμορφώσεσιν
690 3421 817 3481 laudatur,
842 3436 931 3469 vereor
948 3436 979 3469 ne
997 3423 1029 3471 sit
1046 3421 1152 3469 ficticius.

85 3517 120 3568 (c.
141 3510 173 3556 25
199 3507 312 3555 laudatur
328 3506 486 3553 Dorotheus
511 3502 535 3554 ἐν
560 3500 583 3554 α’
603 3500 852 3571 μεταμορφώσεωνῐ)
888 3507 931 3554 sed
955 3506 1153 3555 Wilamowitzius

91 3596 196 3642 eundem
214 3608 268 3642 esse
286 3596 356 3653 putat
374 3590 416 3650 qui
433 3592 520 3638 citatur
539 3605 578 3650 ap.
597 3592 671 3637 schol.
691 3592 775 3652 Apoll.
793 3592 840 3639 ah.
852 3592 888 3637 lV
902 3594 942 3651 24,
959 3593 973 3637 6
995 3590 1037 3653 (Θ.
1052 3588 1078 3642 ἐν
1089 3586 1153 3657 κβ.)Ι

84 3686 157 3728 notus
175 3681 248 3728 etiam
266 3677 494 3739 epigrammatarius
512 3691 543 3724 ex
554 3677 653 3725 Laertio
666 3678 780 3737 Diogene
797 3678 892 3727 11104.
909 3677 986 3727 Anth.
1000 3677 1030 3724 P.
1048 3677 1085 3727 VI
1097 3676 1150 3724 282.

84 3774 192 3815 ceterum
208 3766 302 3813 Nasoni
319 3763 427 3825 praeivit
445 3762 531 3811 Cicero
549 3762 575 3808 in
592 3762 760 3822 Alcyonibus,
788 3762 855 3810 cuius
873 3777 972 3811 carmen
991 3762 1151 3819 oblitteratum

85 3852 216 3900 renovavit
228 3852 366 3899 Gordianus
384 3850 517 3909 imperator
536 3849 592 3907 (Iul.
605 3846 711 3908 Capitol.
725 3847 799 3894 Gord.
812 3849 847 3908 3).
865 3834 969 3896 frustum
986 3848 1097 3897 servarit
1107 3847 1152 3917 Na·

85 3939 141 3987 nius
158 3954 183 3999 p.
199 3940 239 3998 65,
260 3940 290 3986 8:
310 3937 395 3985 Cicero
414 3932 603 3999 Alcyonlibuslz

340 4025 406 4069 hunc
423 4023 515 4083 genuit,
534 4021 607 4069 cleris
625 4020 741 4082 delapsus
759 4020 790 4067 ab
807 4021 881 4068 astris

290 4109 406 4171 praevius
423 4108 535 4155 Aurorae
553 4106 611 4154 solis
630 4109 756 4169 noctisque
775 4107 882 4155 satelles.
