<?xml version="1.0" encoding="UTF-8"?>
<!DOCTYPE html PUBLIC "-//W3C//DTD XHTML 1.0 Transitional//EN"
    "http://www.w3.org/TR/xhtml1/DTD/xhtml1-transitional.dtd">
<html xmlns="http://www.w3.org/1999/xhtml" xml:lang="en" lang="en">
 <head>
  <title>
</title>
<meta http-equiv="Content-Type" content="text/html;charset=utf-8" />
  <meta name='ocr-system' content='tesseract 3.04.00' />
  <meta name='ocr-capabilities' content='ocr_page ocr_carea ocr_par ocr_line ocrx_word'/>
</head>
<body>
  <div class='ocr_page' id='page_1' title='image "./analectaalexand00knaagoog_0069.png"; bbox 0 0 2504 4656; ppageno 0'>
   <div class='ocr_carea' id='block_1_1' title="bbox 550 210 762 276">
    <p class='ocr_par' dir='ltr' id='par_1_1' title="bbox 550 210 762 276">
     <span class='ocr_line' id='line_1_1' title="bbox 550 210 762 276; baseline 0.005 -20"><span class='ocrx_word' id='word_1_1' title='bbox 550 210 762 276; x_wconf 76' lang='lat'>-62-</span> 
     </span>
    </p>
   </div>
   <div class='ocr_carea' id='block_1_2' title="bbox 120 364 1204 2121">
    <p class='ocr_par' dir='ltr' id='par_1_2' title="bbox 252 364 1051 447">
     <span class='ocr_line' id='line_1_2' title="bbox 252 364 1051 447; baseline 0 -22"><span class='ocrx_word' id='word_1_2' title='bbox 252 365 356 426; x_wconf 85' lang='lat' dir='ltr'>tollere</span> <span class='ocrx_word' id='word_1_3' title='bbox 377 366 556 426; x_wconf 76' lang='lat' dir='ltr'>Taenarides</span> <span class='ocrx_word' id='word_1_4' title='bbox 579 370 680 426; x_wconf 91' lang='lat' dir='ltr'>orbem</span> <span class='ocrx_word' id='word_1_5' title='bbox 702 369 891 447; x_wconf 77' lang='lat' dir='ltr'><strong>properabat,</strong></span> <span class='ocrx_word' id='word_1_6' title='bbox 913 372 945 426; x_wconf 90' lang='lat' dir='ltr'>at</span> <span class='ocrx_word' id='word_1_7' title='bbox 965 364 1051 425; x_wconf 89' lang='lat' dir='ltr'>illum</span> 
     </span>
    </p>

    <p class='ocr_par' dir='ltr' id='par_1_3' title="bbox 247 478 1125 555">
     <span class='ocr_line' id='line_1_3' title="bbox 247 478 1125 555; baseline 0 -20"><span class='ocrx_word' id='word_1_8' title='bbox 247 478 340 536; x_wconf 87' lang='lat' dir='ltr'>dura</span> <span class='ocrx_word' id='word_1_9' title='bbox 361 497 601 555; x_wconf 85' lang='lat' dir='ltr'>repercusso</span> <span class='ocrx_word' id='word_1_10' title='bbox 625 480 796 540; x_wconf 88' lang='lat' dir='ltr'>subiecit</span> <span class='ocrx_word' id='word_1_11' title='bbox 817 481 981 541; x_wconf 85' lang='lat' dir='ltr'>verbere</span> <span class='ocrx_word' id='word_1_12' title='bbox 1004 478 1125 537; x_wconf 90' lang='lat' dir='ltr'>tellus</span> 
     </span>
    </p>

    <p class='ocr_par' dir='ltr' id='par_1_4' title="bbox 120 589 1204 2121">
     <span class='ocr_line' id='line_1_4' title="bbox 247 589 714 668; baseline 0.006 -21"><span class='ocrx_word' id='word_1_13' title='bbox 247 590 279 647; x_wconf 94' lang='lat' dir='ltr'>in</span> <span class='ocrx_word' id='word_1_14' title='bbox 302 589 411 663; x_wconf 77' lang='lat' dir='ltr'>vultus,</span> <span class='ocrx_word' id='word_1_15' title='bbox 435 590 615 668; x_wconf 79' lang='lat' dir='ltr'>Hyacinthe,</span> <span class='ocrx_word' id='word_1_16' title='bbox 639 596 714 650; x_wconf 90' lang='lat' dir='ltr'>tuos.</span> 
     </span>
     <span class='ocr_line' id='line_1_5' title="bbox 121 701 1198 780; baseline -0.001 -21"><span class='ocrx_word' id='word_1_17' title='bbox 121 701 172 780; x_wconf 88' lang='lat' dir='ltr'>qui</span> <span class='ocrx_word' id='word_1_18' title='bbox 194 707 314 777; x_wconf 87' lang='lat' dir='ltr'>praeter</span> <span class='ocrx_word' id='word_1_19' title='bbox 335 703 390 761; x_wconf 88' lang='lat' dir='ltr'>hos</span> <span class='ocrx_word' id='word_1_20' title='bbox 420 702 612 761; x_wconf 73' lang='lat' dir='ltr'>bellissimum</span> <span class='ocrx_word' id='word_1_21' title='bbox 641 703 781 762; x_wconf 88' lang='lat' dir='ltr'>fabellam</span> <span class='ocrx_word' id='word_1_22' title='bbox 804 706 1036 762; x_wconf 87' lang='lat' dir='ltr'>commemorant</span> <span class='ocrx_word' id='word_1_23' title='bbox 1068 706 1121 760; x_wconf 88' lang='lat' dir='ltr'>aut</span> <span class='ocrx_word' id='word_1_24' title='bbox 1141 703 1198 758; x_wconf 89' lang='lat' dir='ltr'>hoe</span> 
     </span>
     <span class='ocr_line' id='line_1_6' title="bbox 120 812 1198 892; baseline 0 -23"><span class='ocrx_word' id='word_1_25' title='bbox 120 812 238 886; x_wconf 85' lang='lat' dir='ltr'>insigne</span> <span class='ocrx_word' id='word_1_26' title='bbox 261 813 417 873; x_wconf 82' lang='lat' dir='ltr'>inventum</span> <span class='ocrx_word' id='word_1_27' title='bbox 440 813 684 890; x_wconf 87' lang='lat' dir='ltr'>praetermittunt</span> <span class='ocrx_word' id='word_1_28' title='bbox 707 813 890 892; x_wconf 85' lang='lat' dir='ltr'>(ApollodI</span> <span class='ocrx_word' id='word_1_29' title='bbox 913 819 939 872; x_wconf 83' lang='lat'>3.</span> <span class='ocrx_word' id='word_1_30' title='bbox 964 818 992 871; x_wconf 84' lang='lat'>3.</span> <span class='ocrx_word' id='word_1_31' title='bbox 1015 814 1066 871; x_wconf 91' lang='grc' dir='ltr'>ΠΙ</span> <span class='ocrx_word' id='word_1_32' title='bbox 1086 816 1133 884; x_wconf 80' lang='lat' dir='ltr'>to,</span> <span class='ocrx_word' id='word_1_33' title='bbox 1158 812 1198 889; x_wconf 85' lang='lat'>3),</span> 
     </span>
     <span class='ocr_line' id='line_1_7' title="bbox 125 923 1198 1004; baseline -0.001 -23"><span class='ocrx_word' id='word_1_34' title='bbox 125 929 176 982; x_wconf 90' lang='lat' dir='ltr'>aut</span> <span class='ocrx_word' id='word_1_35' title='bbox 199 944 309 983; x_wconf 81' lang='lat' dir='ltr'>norum</span> <span class='ocrx_word' id='word_1_36' title='bbox 334 925 468 1004; x_wconf 86' lang='lat' dir='ltr'>quaesita</span> <span class='ocrx_word' id='word_1_37' title='bbox 491 925 639 999; x_wconf 78' lang='lat' dir='ltr'>elegantia</span> <span class='ocrx_word' id='word_1_38' title='bbox 662 925 862 1002; x_wconf 84' lang='lat' dir='ltr'>conspicuum,</span> <span class='ocrx_word' id='word_1_39' title='bbox 885 923 1014 1003; x_wconf 84' lang='lat' dir='ltr'>Zephyri</span> <span class='ocrx_word' id='word_1_40' title='bbox 1029 923 1095 981; x_wconf 89' lang='lat' dir='ltr'>dico</span> <span class='ocrx_word' id='word_1_41' title='bbox 1120 924 1198 981; x_wconf 85' lang='lat' dir='ltr'>irau-</span> 
     </span>
     <span class='ocr_line' id='line_1_8' title="bbox 128 1034 1200 1114; baseline 0.001 -22"><span class='ocrx_word' id='word_1_42' title='bbox 128 1036 203 1107; x_wconf 90' lang='lat' dir='ltr'>dem,</span> <span class='ocrx_word' id='word_1_43' title='bbox 222 1035 438 1114; x_wconf 70' lang='lat' dir='ltr'>indncunt87).</span> <span class='ocrx_word' id='word_1_44' title='bbox 479 1057 548 1110; x_wconf 84' lang='lat' dir='ltr'>ergo</span> <span class='ocrx_word' id='word_1_45' title='bbox 569 1056 728 1095; x_wconf 85' lang='lat' dir='ltr'>consensus</span> <span class='ocrx_word' id='word_1_46' title='bbox 743 1036 823 1095; x_wconf 87' lang='lat' dir='ltr'>inter</span> <span class='ocrx_word' id='word_1_47' title='bbox 836 1037 986 1095; x_wconf 76' lang='lat' dir='ltr'>Nasonem</span> <span class='ocrx_word' id='word_1_48' title='bbox 1004 1034 1200 1095; x_wconf 89' lang='lat' dir='ltr'>Nicandrum·</span> 
     </span>
     <span class='ocr_line' id='line_1_9' title="bbox 124 1146 1197 1225; baseline 0.001 -22"><span class='ocrx_word' id='word_1_49' title='bbox 124 1166 180 1225; x_wconf 89' lang='lat' dir='ltr'>que</span> <span class='ocrx_word' id='word_1_50' title='bbox 198 1146 335 1206; x_wconf 86' lang='lat' dir='ltr'>bifariam</span> <span class='ocrx_word' id='word_1_51' title='bbox 353 1147 507 1224; x_wconf 86' lang='lat' dir='ltr'>explanari</span> <span class='ocrx_word' id='word_1_52' title='bbox 522 1152 636 1224; x_wconf 87' lang='lat' dir='ltr'>potest:</span> <span class='ocrx_word' id='word_1_53' title='bbox 652 1153 704 1206; x_wconf 87' lang='lat' dir='ltr'>aut</span> <span class='ocrx_word' id='word_1_54' title='bbox 718 1148 796 1206; x_wconf 90' lang='lat' dir='ltr'>idem</span> <span class='ocrx_word' id='word_1_55' title='bbox 815 1146 960 1207; x_wconf 75' lang='lat' dir='ltr'>retulerat</span> <span class='ocrx_word' id='word_1_56' title='bbox 972 1146 1027 1205; x_wconf 90' lang='lat' dir='ltr'>Bio</span> <span class='ocrx_word' id='word_1_57' title='bbox 1046 1151 1099 1206; x_wconf 90' lang='lat' dir='ltr'>aut</span> <span class='ocrx_word' id='word_1_58' title='bbox 1115 1165 1197 1224; x_wconf 90' lang='lat' dir='ltr'>prae·</span> 
     </span>
     <span class='ocr_line' id='line_1_10' title="bbox 124 1242 1202 1338; baseline 0.001 -23"><span class='ocrx_word' id='word_1_59' title='bbox 124 1263 171 1316; x_wconf 85' lang='lat' dir='ltr'>ter</span> <span class='ocrx_word' id='word_1_60' title='bbox 187 1258 311 1317; x_wconf 91' lang='lat' dir='ltr'>Bionem</span> <span class='ocrx_word' id='word_1_61' title='bbox 328 1264 445 1318; x_wconf 87' lang='lat' dir='ltr'>secutus</span> <span class='ocrx_word' id='word_1_62' title='bbox 462 1263 507 1318; x_wconf 87' lang='lat' dir='ltr'>est</span> <span class='ocrx_word' id='word_1_63' title='bbox 522 1264 640 1336; x_wconf 86' lang='lat' dir='ltr'>poetam</span> <span class='ocrx_word' id='word_1_64' title='bbox 655 1242 887 1337; x_wconf 77' lang='lat' dir='ltr'>Colophonium</span> <span class='ocrx_word' id='word_1_65' title='bbox 902 1259 977 1318; x_wconf 89' lang='lat' dir='ltr'>illud</span> <span class='ocrx_word' id='word_1_66' title='bbox 993 1259 1016 1317; x_wconf 88' lang='lat' dir='ltr'>si</span> <span class='ocrx_word' id='word_1_67' title='bbox 1034 1259 1101 1338; x_wconf 89' lang='lat' dir='ltr'>quis</span> <span class='ocrx_word' id='word_1_68' title='bbox 1116 1259 1202 1317; x_wconf 90' lang='lat' dir='ltr'>unico</span> 
     </span>
     <span class='ocr_line' id='line_1_11' title="bbox 124 1362 1199 1448; baseline -0.001 -19"><span class='ocrx_word' id='word_1_69' title='bbox 124 1389 229 1429; x_wconf 85' lang='lat' dir='ltr'>verum</span> <span class='ocrx_word' id='word_1_70' title='bbox 253 1390 316 1428; x_wconf 89' lang='lat' dir='ltr'>esse</span> <span class='ocrx_word' id='word_1_71' title='bbox 331 1370 526 1447; x_wconf 78' lang='lat' dir='ltr'>pertinaciter</span> <span class='ocrx_word' id='word_1_72' title='bbox 548 1362 667 1443; x_wconf 85' lang='lat' dir='ltr'>asserit,¹</span> <span class='ocrx_word' id='word_1_73' title='bbox 695 1392 749 1446; x_wconf 85' lang='lat' dir='ltr'>ego</span> <span class='ocrx_word' id='word_1_74' title='bbox 773 1391 844 1430; x_wconf 89' lang='lat' dir='ltr'>sane</span> <span class='ocrx_word' id='word_1_75' title='bbox 865 1372 1032 1448; x_wconf 78' lang='lat' dir='ltr'>praefracte</span> <span class='ocrx_word' id='word_1_76' title='bbox 1055 1368 1199 1445; x_wconf 84' lang='lat' dir='ltr'>refragari</span> 
     </span>
     <span class='ocr_line' id='line_1_12' title="bbox 126 1480 1201 1560; baseline 0 -21"><span class='ocrx_word' id='word_1_77' title='bbox 126 1501 259 1559; x_wconf 88' lang='lat' dir='ltr'>nequeo:</span> <span class='ocrx_word' id='word_1_78' title='bbox 283 1487 313 1540; x_wconf 87' lang='lat' dir='ltr'>at</span> <span class='ocrx_word' id='word_1_79' title='bbox 331 1483 421 1541; x_wconf 83' lang='lat' dir='ltr'>velim</span> <span class='ocrx_word' id='word_1_80' title='bbox 442 1486 561 1560; x_wconf 89' lang='lat' dir='ltr'>reputet</span> <span class='ocrx_word' id='word_1_81' title='bbox 583 1502 636 1542; x_wconf 89' lang='lat' dir='ltr'>sua</span> <span class='ocrx_word' id='word_1_82' title='bbox 660 1483 830 1543; x_wconf 88' lang='lat' dir='ltr'>coniectura</span> <span class='ocrx_word' id='word_1_83' title='bbox 853 1482 919 1542; x_wconf 90' lang='lat' dir='ltr'>niti.</span> <span class='ocrx_word' id='word_1_84' title='bbox 962 1484 1020 1541; x_wconf 90' lang='lat' dir='ltr'>hoc</span> <span class='ocrx_word' id='word_1_85' title='bbox 1044 1482 1119 1541; x_wconf 92' lang='lat' dir='ltr'>mihi</span> <span class='ocrx_word' id='word_1_86' title='bbox 1138 1480 1201 1560; x_wconf 92' lang='lat' dir='ltr'>qui-</span> 
     </span>
     <span class='ocr_line' id='line_1_13' title="bbox 129 1592 1201 1674; baseline 0.003 -25"><span class='ocrx_word' id='word_1_87' title='bbox 129 1592 194 1650; x_wconf 92' lang='lat' dir='ltr'>dem</span> <span class='ocrx_word' id='word_1_88' title='bbox 218 1592 351 1668; x_wconf 88' lang='lat' dir='ltr'>pulcrius</span> <span class='ocrx_word' id='word_1_89' title='bbox 370 1595 531 1655; x_wconf 86' lang='lat' dir='ltr'>convenire</span> <span class='ocrx_word' id='word_1_90' title='bbox 548 1595 667 1653; x_wconf 86' lang='lat' dir='ltr'>videtur</span> <span class='ocrx_word' id='word_1_91' title='bbox 682 1595 797 1653; x_wconf 89' lang='lat' dir='ltr'>homini</span> <span class='ocrx_word' id='word_1_92' title='bbox 813 1592 1038 1666; x_wconf 86' lang='lat' dir='ltr'>litteratissimo,</span> <span class='ocrx_word' id='word_1_93' title='bbox 1062 1614 1150 1674; x_wconf 90' lang='lat' dir='ltr'>quem</span> <span class='ocrx_word' id='word_1_94' title='bbox 1166 1615 1201 1652; x_wconf 83' lang='lat' dir='ltr'>ex</span> 
     </span>
     <span class='ocr_line' id='line_1_14' title="bbox 127 1696 1202 1783; baseline 0 -20"><span class='ocrx_word' id='word_1_95' title='bbox 127 1704 219 1764; x_wconf 87' lang='lat' dir='ltr'>variis</span> <span class='ocrx_word' id='word_1_96' title='bbox 250 1704 345 1783; x_wconf 88' lang='lat' dir='ltr'>pratis</span> <span class='ocrx_word' id='word_1_97' title='bbox 373 1705 471 1766; x_wconf 86' lang='lat' dir='ltr'>varios</span> <span class='ocrx_word' id='word_1_98' title='bbox 494 1707 583 1764; x_wconf 87' lang='lat' dir='ltr'>flores</span> <span class='ocrx_word' id='word_1_99' title='bbox 607 1706 814 1783; x_wconf 87' lang='lat' dir='ltr'>decerpentem</span> <span class='ocrx_word' id='word_1_100' title='bbox 843 1706 903 1764; x_wconf 91' lang='lat' dir='ltr'>iam</span> <span class='ocrx_word' id='word_1_101' title='bbox 924 1696 1063 1765; x_wconf 81' lang='lat' dir='ltr'>vidimus.</span> <span class='ocrx_word' id='word_1_102' title='bbox 1087 1740 1130 1749; x_wconf 93' lang='lat'>--</span> <span class='ocrx_word' id='word_1_103' title='bbox 1153 1704 1202 1764; x_wconf 80' lang='lat' dir='ltr'>sed</span> 
     </span>
     <span class='ocr_line' id='line_1_15' title="bbox 130 1816 1203 1894; baseline 0.001 -21"><span class='ocrx_word' id='word_1_104' title='bbox 130 1816 238 1874; x_wconf 89' lang='lat' dir='ltr'>merito</span> <span class='ocrx_word' id='word_1_105' title='bbox 254 1816 446 1890; x_wconf 84' lang='lat' dir='ltr'>dubitaveris,</span> <span class='ocrx_word' id='word_1_106' title='bbox 469 1838 540 1876; x_wconf 86' lang='lat' dir='ltr'>num</span> <span class='ocrx_word' id='word_1_107' title='bbox 555 1818 710 1891; x_wconf 81' lang='lat' dir='ltr'>Theriaoa,</span> <span class='ocrx_word' id='word_1_108' title='bbox 726 1836 852 1890; x_wconf 88' lang='lat' dir='ltr'>carmen,</span> <span class='ocrx_word' id='word_1_109' title='bbox 876 1817 900 1876; x_wconf 86' lang='lat' dir='ltr'>si</span> <span class='ocrx_word' id='word_1_110' title='bbox 917 1818 962 1875; x_wconf 89' lang='lat' dir='ltr'>dis</span> <span class='ocrx_word' id='word_1_111' title='bbox 978 1818 1084 1894; x_wconf 85' lang='lat' dir='ltr'>placet,</span> <span class='ocrx_word' id='word_1_112' title='bbox 1103 1817 1203 1876; x_wconf 87' lang='lat' dir='ltr'>sterile</span> 
     </span>
     <span class='ocr_line' id='line_1_16' title="bbox 126 1928 1203 2009; baseline 0.001 -24"><span class='ocrx_word' id='word_1_113' title='bbox 126 1928 278 2007; x_wconf 88' lang='lat' dir='ltr'>taediique</span> <span class='ocrx_word' id='word_1_114' title='bbox 309 1928 514 2005; x_wconf 85' lang='lat' dir='ltr'>plenissimum</span> <span class='ocrx_word' id='word_1_115' title='bbox 544 1929 719 2006; x_wconf 86' lang='lat' dir='ltr'>inspexerit.</span> <span class='ocrx_word' id='word_1_116' title='bbox 763 1929 862 2007; x_wconf 90' lang='lat' dir='ltr'>potuit</span> <span class='ocrx_word' id='word_1_117' title='bbox 889 1929 1008 2009; x_wconf 88' lang='lat' dir='ltr'>quidem</span> <span class='ocrx_word' id='word_1_118' title='bbox 1041 1950 1079 1989; x_wconf 86' lang='lat' dir='ltr'>ex</span> <span class='ocrx_word' id='word_1_119' title='bbox 1102 1930 1203 1988; x_wconf 88' lang='lat' dir='ltr'>Macro</span> 
     </span>
     <span class='ocr_line' id='line_1_17' title="bbox 128 2040 1204 2121; baseline 0 -24"><span class='ocrx_word' id='word_1_120' title='bbox 128 2040 268 2099; x_wconf 84' lang='lat' dir='ltr'>fabellam</span> <span class='ocrx_word' id='word_1_121' title='bbox 283 2040 421 2114; x_wconf 85' lang='lat' dir='ltr'>mutuari,</span> <span class='ocrx_word' id='word_1_122' title='bbox 439 2041 489 2099; x_wconf 86' lang='lat' dir='ltr'>sed</span> <span class='ocrx_word' id='word_1_123' title='bbox 506 2041 576 2119; x_wconf 89' lang='lat' dir='ltr'>quid</span> <span class='ocrx_word' id='word_1_124' title='bbox 592 2041 698 2114; x_wconf 82' lang='lat' dir='ltr'>obstat,</span> <span class='ocrx_word' id='word_1_125' title='bbox 715 2042 873 2121; x_wconf 84' lang='lat' dir='ltr'>quominus</span> <span class='ocrx_word' id='word_1_126' title='bbox 891 2040 970 2099; x_wconf 90' lang='lat' dir='ltr'>idem</span> <span class='ocrx_word' id='word_1_127' title='bbox 985 2041 1017 2098; x_wconf 91' lang='lat' dir='ltr'>in</span> <span class='ocrx_word' id='word_1_128' title='bbox 1030 2040 1204 2119; x_wconf 87' lang='lat' dir='ltr'>Hyacinthe</span> 
     </span>
    </p>
   </div>
   <div class='ocr_carea' id='block_1_3' title="bbox 127 2150 731 2231">
    <p class='ocr_par' dir='ltr' id='par_1_5' title="bbox 127 2150 731 2231">
     <span class='ocr_line' id='line_1_18' title="bbox 127 2150 731 2231; baseline 0.002 -21"><span class='ocrx_word' id='word_1_129' title='bbox 127 2170 263 2211; x_wconf 82' lang='lat' dir='ltr'>namasse</span> <span class='ocrx_word' id='word_1_130' title='bbox 285 2152 470 2212; x_wconf 87' lang='lat' dir='ltr'>Nicandrum</span> <span class='ocrx_word' id='word_1_131' title='bbox 493 2150 646 2212; x_wconf 84' lang='lat' dir='ltr'>credamus</span> <span class='ocrx_word' id='word_1_132' title='bbox 659 2150 731 2231; x_wconf 78' lang='lat'>⁸⁸)?</span> 
     </span>
    </p>
   </div>
   <div class='ocr_carea' id='block_1_4' title="bbox 488 2341 947 2524">
    <p class='ocr_par' dir='ltr' id='par_1_6' title="bbox 488 2341 947 2524">
     <span class='ocr_line' id='line_1_19' title="bbox 528 2341 803 2419; baseline -0.004 -18"><span class='ocrx_word' id='word_1_133' title='bbox 528 2347 557 2401; x_wconf 83' lang='lat'>3.</span> <span class='ocrx_word' id='word_1_134' title='bbox 600 2341 647 2400; x_wconf 88' lang='lat' dir='ltr'>De</span> <span class='ocrx_word' id='word_1_135' title='bbox 668 2341 803 2419; x_wconf 91' lang='lat' dir='ltr'>Byblide.</span> 
     </span>
     <span class='ocr_line' id='line_1_20' title="bbox 488 2458 947 2524; baseline 0.004 -18"><span class='ocrx_word' id='word_1_136' title='bbox 488 2459 548 2524; x_wconf 67' lang='lat' dir='ltr'>(ou.</span> <span class='ocrx_word' id='word_1_137' title='bbox 568 2458 844 2523; x_wconf 69' lang='lat' dir='ltr'>meamne-ses.)</span> <span class='ocrx_word' id='word_1_138' title='bbox 944 2476 947 2481; x_wconf 39' lang='lat' dir='ltr'>v</span> 
     </span>
    </p>
   </div>
   <div class='ocr_carea' id='block_1_5' title="bbox 127 2570 1207 3328">
    <p class='ocr_par' dir='ltr' id='par_1_7' title="bbox 127 2570 1207 3328">
     <span class='ocr_line' id='line_1_21' title="bbox 127 2570 1205 2663; baseline -0.002 -24"><span class='ocrx_word' id='word_1_139' title='bbox 127 2659 128 2663; x_wconf 6' lang='grc' dir='ltr'><strong>Ἰ</strong></span> <span class='ocrx_word' id='word_1_140' title='bbox 215 2580 351 2659; x_wconf 88' lang='lat' dir='ltr'>Byblidis</span> <span class='ocrx_word' id='word_1_141' title='bbox 366 2579 484 2639; x_wconf 85' lang='lat' dir='ltr'>scelesti</span> <span class='ocrx_word' id='word_1_142' title='bbox 502 2579 610 2641; x_wconf 86' lang='lat' dir='ltr'>amoris</span> <span class='ocrx_word' id='word_1_143' title='bbox 626 2579 741 2639; x_wconf 89' lang='lat' dir='ltr'>etiamsi</span> <span class='ocrx_word' id='word_1_144' title='bbox 757 2579 923 2657; x_wconf 87' lang='lat' dir='ltr'>complures</span> <span class='ocrx_word' id='word_1_145' title='bbox 941 2570 1101 2658; x_wconf 85' lang='lat' dir='ltr'>supersunt</span> <span class='ocrx_word' id='word_1_146' title='bbox 1114 2584 1205 2639; x_wconf 87' lang='lat' dir='ltr'>testes</span> 
     </span>
     <span class='ocr_line' id='line_1_22' title="bbox 130 2689 1206 2771; baseline -0.001 -19"><span class='ocrx_word' id='word_1_147' title='bbox 130 2694 180 2771; x_wconf 86' lang='lat' dir='ltr'>(cf.</span> <span class='ocrx_word' id='word_1_148' title='bbox 203 2693 309 2753; x_wconf 86' lang='lat' dir='ltr'>Rohde</span> <span class='ocrx_word' id='word_1_149' title='bbox 324 2692 344 2751; x_wconf 91' lang='lat' dir='ltr'>l.</span> <span class='ocrx_word' id='word_1_150' title='bbox 359 2691 380 2750; x_wconf 92' lang='lat' dir='ltr'>l.</span> <span class='ocrx_word' id='word_1_151' title='bbox 396 2710 423 2768; x_wconf 88' lang='lat' dir='ltr'>p.</span> <span class='ocrx_word' id='word_1_152' title='bbox 442 2696 491 2749; x_wconf 79' lang='lat'>95.</span> <span class='ocrx_word' id='word_1_153' title='bbox 514 2690 587 2750; x_wconf 85' lang='lat' dir='ltr'>adn.¹</span> <span class='ocrx_word' id='word_1_154' title='bbox 609 2691 646 2768; x_wconf 77' lang='lat'>1),</span> <span class='ocrx_word' id='word_1_155' title='bbox 669 2695 768 2749; x_wconf 90' lang='lat' dir='ltr'>tamen</span> <span class='ocrx_word' id='word_1_156' title='bbox 792 2691 909 2749; x_wconf 87' lang='lat' dir='ltr'>cuinam</span> <span class='ocrx_word' id='word_1_157' title='bbox 932 2690 1119 2767; x_wconf 89' lang='lat' dir='ltr'>potissimum</span> <span class='ocrx_word' id='word_1_158' title='bbox 1135 2689 1206 2751; x_wconf 80' lang='lat' dir='ltr'>ovi-</span> 
     </span>
     <span class='ocr_line' id='line_1_23' title="bbox 133 2801 1205 2881; baseline -0.002 -20"><span class='ocrx_word' id='word_1_159' title='bbox 133 2805 198 2863; x_wconf 86' lang='lat' dir='ltr'>dius</span> <span class='ocrx_word' id='word_1_160' title='bbox 221 2824 286 2863; x_wconf 79' lang='lat' dir='ltr'>sese</span> <span class='ocrx_word' id='word_1_161' title='bbox 307 2803 500 2881; x_wconf 83' lang='lat' dir='ltr'>applicuerit,</span> <span class='ocrx_word' id='word_1_162' title='bbox 524 2822 577 2878; x_wconf 91' lang='lat' dir='ltr'>pro</span> <span class='ocrx_word' id='word_1_163' title='bbox 601 2807 681 2861; x_wconf 89' lang='lat' dir='ltr'>certo</span> <span class='ocrx_word' id='word_1_164' title='bbox 705 2801 763 2860; x_wconf 91' lang='lat' dir='ltr'>dici</span> <span class='ocrx_word' id='word_1_165' title='bbox 786 2802 898 2880; x_wconf 86' lang='lat' dir='ltr'>nequit.</span> <span class='ocrx_word' id='word_1_166' title='bbox 945 2802 1095 2862; x_wconf 88' lang='lat' dir='ltr'>consentit</span> <span class='ocrx_word' id='word_1_167' title='bbox 1118 2821 1152 2861; x_wconf 91' lang='lat' dir='ltr'>ea</span> <span class='ocrx_word' id='word_1_168' title='bbox 1174 2802 1205 2859; x_wconf 91' lang='lat' dir='ltr'>iu</span> 
     </span>
     <span class='ocr_line' id='line_1_24' title="bbox 132 2912 1205 2992; baseline -0.004 -18"><span class='ocrx_word' id='word_1_169' title='bbox 132 2935 166 2974; x_wconf 87' lang='lat' dir='ltr'>re</span> <span class='ocrx_word' id='word_1_170' title='bbox 189 2935 255 2975; x_wconf 91' lang='lat' dir='ltr'>oum</span> <span class='ocrx_word' id='word_1_171' title='bbox 271 2914 423 2975; x_wconf 84' lang='lat' dir='ltr'>Nicandro</span> <span class='ocrx_word' id='word_1_172' title='bbox 446 2912 505 2990; x_wconf 90' lang='lat' dir='ltr'>(ap.</span> <span class='ocrx_word' id='word_1_173' title='bbox 521 2917 591 2972; x_wconf 81' lang='lat' dir='ltr'>Ant.</span> <span class='ocrx_word' id='word_1_174' title='bbox 608 2913 674 2972; x_wconf 87' lang='lat' dir='ltr'>Lib.</span> <span class='ocrx_word' id='word_1_175' title='bbox 692 2913 753 2990; x_wconf 83' lang='lat'><strong>30),</strong></span> <span class='ocrx_word' id='word_1_176' title='bbox 777 2915 855 2992; x_wconf 89' lang='lat' dir='ltr'>quod</span> <span class='ocrx_word' id='word_1_177' title='bbox 878 2912 973 2990; x_wconf 86' lang='lat' dir='ltr'>ipsam</span> <span class='ocrx_word' id='word_1_178' title='bbox 996 2912 1125 2990; x_wconf 87' lang='lat' dir='ltr'>puellam</span> <span class='ocrx_word' id='word_1_179' title='bbox 1147 2914 1205 2971; x_wconf 82' lang='lat' dir='ltr'>fra-</span> 
     </span>
     <span class='ocr_line' id='line_1_25' title="bbox 136 3024 1205 3103; baseline -0.003 -17"><span class='ocrx_word' id='word_1_180' title='bbox 136 3027 192 3086; x_wconf 83' lang='lat' dir='ltr'>tris</span> <span class='ocrx_word' id='word_1_181' title='bbox 215 3046 315 3086; x_wconf 89' lang='lat' dir='ltr'>amore</span> <span class='ocrx_word' id='word_1_182' title='bbox 338 3029 505 3102; x_wconf 89' lang='lat' dir='ltr'>correptam</span> <span class='ocrx_word' id='word_1_183' title='bbox 527 3024 608 3083; x_wconf 81' lang='lat' dir='ltr'>facit.</span> <span class='ocrx_word' id='word_1_184' title='bbox 652 3025 709 3082; x_wconf 88' lang='lat' dir='ltr'>hoc</span> <span class='ocrx_word' id='word_1_185' title='bbox 736 3024 894 3103; x_wconf 90' lang='lat' dir='ltr'>plerosque</span> <span class='ocrx_word' id='word_1_186' title='bbox 921 3025 1080 3084; x_wconf 83' lang='lat' dir='ltr'>tradidisse</span> <span class='ocrx_word' id='word_1_187' title='bbox 1103 3025 1205 3083; x_wconf 88' lang='lat' dir='ltr'>edoce·</span> 
     </span>
     <span class='ocr_line' id='line_1_26' title="bbox 132 3129 1207 3212; baseline -0.005 -15"><span class='ocrx_word' id='word_1_188' title='bbox 132 3158 203 3197; x_wconf 89' lang='lat' dir='ltr'>mur</span> <span class='ocrx_word' id='word_1_189' title='bbox 224 3157 243 3196; x_wconf 90' lang='lat' dir='ltr'>a</span> <span class='ocrx_word' id='word_1_190' title='bbox 263 3138 428 3196; x_wconf 87' lang='lat' dir='ltr'>Parthenio</span> <span class='ocrx_word' id='word_1_191' title='bbox 450 3140 524 3196; x_wconf 75' lang='lat' dir='ltr'>eret.</span> <span class='ocrx_word' id='word_1_192' title='bbox 550 3140 605 3195; x_wconf 91' lang='lat' dir='ltr'>ll:</span> <span class='ocrx_word' id='word_1_193' title='bbox 632 3132 664 3192; x_wconf 80' lang='lat' dir='ltr'>ol</span> <span class='ocrx_word' id='word_1_194' title='bbox 684 3129 716 3193; x_wconf 76' lang='grc' dir='ltr'>δὲ</span> <span class='ocrx_word' id='word_1_195' title='bbox 738 3134 858 3203; x_wconf 80' lang='grc' dir='ltr'><strong><em>πλείους</em></strong></span> <span class='ocrx_word' id='word_1_196' title='bbox 885 3130 939 3210; x_wconf 76' lang='grc' dir='ltr'>τὴν</span> <span class='ocrx_word' id='word_1_197' title='bbox 961 3132 1094 3212; x_wconf 73' lang='grc' dir='ltr'><strong><em>Βυβλὶδα</em></strong></span> <span class='ocrx_word' id='word_1_198' title='bbox 1116 3132 1207 3209; x_wconf 76' lang='grc' dir='ltr'><em>φασὶν</em></span> 
     </span>
     <span class='ocr_line' id='line_1_27' title="bbox 134 3238 1206 3328; baseline -0.005 -21"><span class='ocrx_word' id='word_1_199' title='bbox 134 3246 313 3326; x_wconf 72' lang='grc' dir='ltr'><strong><em>ἐρασθεῖσαν</em></strong></span> <span class='ocrx_word' id='word_1_200' title='bbox 343 3247 398 3305; x_wconf 80' lang='grc' dir='ltr'>τοῦ</span> <span class='ocrx_word' id='word_1_201' title='bbox 427 3240 552 3304; x_wconf 79' lang='grc' dir='ltr'><strong><em>Καύνου</em></strong></span> <span class='ocrx_word' id='word_1_202' title='bbox 582 3238 726 3325; x_wconf 79' lang='grc' dir='ltr'><strong><em>λόγους</em></strong></span> <span class='ocrx_word' id='word_1_203' title='bbox 757 3238 855 3328; x_wconf 75' lang='grc' dir='ltr'><strong><em>αὐτῷ</em></strong></span> <span class='ocrx_word' id='word_1_204' title='bbox 881 3240 1116 3325; x_wconf 76' lang='grc' dir='ltr'><strong><em>προσφέρειν</em></strong></span> <span class='ocrx_word' id='word_1_205' title='bbox 1145 3241 1206 3304; x_wconf 79' lang='lat' dir='ltr'>aul</span> 
     </span>
    </p>
   </div>
   <div class='ocr_carea' id='block_1_6' title="bbox 20 3433 1209 4183">
    <p class='ocr_par' dir='ltr' id='par_1_8' title="bbox 20 3433 1209 4183">
     <span class='ocr_line' id='line_1_28' title="bbox 204 3433 1207 3500; baseline 0 -18"><span class='ocrx_word' id='word_1_206' title='bbox 204 3433 250 3500; x_wconf 80' lang='grc'>87)</span> <span class='ocrx_word' id='word_1_207' title='bbox 268 3434 362 3482; x_wconf 81' lang='lat' dir='ltr'>Lucian</span> <span class='ocrx_word' id='word_1_208' title='bbox 381 3433 447 3481; x_wconf 87' lang='lat' dir='ltr'>diall.</span> <span class='ocrx_word' id='word_1_209' title='bbox 466 3434 532 3480; x_wconf 90' lang='lat' dir='ltr'>deor.</span> <span class='ocrx_word' id='word_1_210' title='bbox 553 3435 594 3481; x_wconf 82' lang='lat'>14.</span> <span class='ocrx_word' id='word_1_211' title='bbox 628 3433 701 3480; x_wconf 85' lang='lat' dir='ltr'>Paus.</span> <span class='ocrx_word' id='word_1_212' title='bbox 719 3433 846 3490; x_wconf 82' lang='lat' dir='ltr'>1111e,4.</span> <span class='ocrx_word' id='word_1_213' title='bbox 883 3433 999 3482; x_wconf 87' lang='lat' dir='ltr'>Philostr.</span> <span class='ocrx_word' id='word_1_214' title='bbox 1018 3447 1070 3482; x_wconf 87' lang='lat' dir='ltr'>sen.</span> <span class='ocrx_word' id='word_1_215' title='bbox 1088 3434 1129 3481; x_wconf 90' lang='lat' dir='ltr'>im.</span> <span class='ocrx_word' id='word_1_216' title='bbox 1142 3436 1155 3482; x_wconf 95' lang='lat' dir='ltr'>I</span> <span class='ocrx_word' id='word_1_217' title='bbox 1168 3437 1207 3483; x_wconf 79' lang='lat'>24.</span> 
     </span>
     <span class='ocr_line' id='line_1_29' title="bbox 132 3498 1207 3581; baseline 0 -14"><span class='ocrx_word' id='word_1_218' title='bbox 132 3519 184 3568; x_wconf 85' lang='lat' dir='ltr'>iun.</span> <span class='ocrx_word' id='word_1_219' title='bbox 199 3498 237 3581; x_wconf 65' lang='lat' dir='ltr'>lt.</span> <span class='ocrx_word' id='word_1_220' title='bbox 272 3522 356 3567; x_wconf 84' lang='lat' dir='ltr'>Noun.</span> <span class='ocrx_word' id='word_1_221' title='bbox 374 3520 448 3566; x_wconf 90' lang='lat' dir='ltr'>Dion.</span> <span class='ocrx_word' id='word_1_222' title='bbox 466 3518 489 3564; x_wconf 92' lang='lat' dir='ltr'>X</span> <span class='ocrx_word' id='word_1_223' title='bbox 503 3521 553 3567; x_wconf 74' lang='lat'>253</span> <span class='ocrx_word' id='word_1_224' title='bbox 566 3533 621 3578; x_wconf 86' lang='lat' dir='ltr'>sqq.</span> <span class='ocrx_word' id='word_1_225' title='bbox 639 3518 676 3564; x_wconf 87' lang='lat' dir='ltr'>XI</span> <span class='ocrx_word' id='word_1_226' title='bbox 690 3520 738 3567; x_wconf 84' lang='lat'>363</span> <span class='ocrx_word' id='word_1_227' title='bbox 752 3531 788 3577; x_wconf 85' lang='lat' dir='ltr'>sq.</span> <span class='ocrx_word' id='word_1_228' title='bbox 806 3518 893 3565; x_wconf 87' lang='lat' dir='ltr'>XXIX</span> <span class='ocrx_word' id='word_1_229' title='bbox 907 3521 939 3567; x_wconf 83' lang='lat'>95</span> <span class='ocrx_word' id='word_1_230' title='bbox 952 3533 1005 3581; x_wconf 90' lang='lat' dir='ltr'>sqq.</span> <span class='ocrx_word' id='word_1_231' title='bbox 1042 3536 1073 3569; x_wconf 83' lang='lat' dir='ltr'>ex</span> <span class='ocrx_word' id='word_1_232' title='bbox 1089 3522 1137 3569; x_wconf 88' lang='lat' dir='ltr'>hoc</span> <span class='ocrx_word' id='word_1_233' title='bbox 1152 3520 1207 3568; x_wconf 82' lang='lat' dir='ltr'>Col·</span> 
     </span>
     <span class='ocr_line' id='line_1_30' title="bbox 20 3598 1207 3671; baseline 0 -19"><span class='ocrx_word' id='word_1_234' title='bbox 20 3602 104 3669; x_wconf 60' lang='grc' dir='ltr'>μία,</span> <span class='ocrx_word' id='word_1_235' title='bbox 133 3607 194 3654; x_wconf 83' lang='lat' dir='ltr'>luth.</span> <span class='ocrx_word' id='word_1_236' title='bbox 208 3607 256 3653; x_wconf 79' lang='lat'>239</span> <span class='ocrx_word' id='word_1_237' title='bbox 268 3602 547 3671; x_wconf 77' lang='lat' dir='ltr'>sqq—[Palaephat]</span> <span class='ocrx_word' id='word_1_238' title='bbox 559 3606 599 3652; x_wconf 79' lang='grc'>47.</span> <span class='ocrx_word' id='word_1_239' title='bbox 612 3603 688 3664; x_wconf 85' lang='lat' dir='ltr'>Myth.</span> <span class='ocrx_word' id='word_1_240' title='bbox 703 3616 738 3663; x_wconf 84' lang='lat' dir='ltr'>gr.</span> <span class='ocrx_word' id='word_1_241' title='bbox 752 3604 789 3649; x_wconf 90' lang='lat' dir='ltr'>ed.</span> <span class='ocrx_word' id='word_1_242' title='bbox 801 3598 933 3652; x_wconf 86' lang='lat' dir='ltr'>Westerm.</span> <span class='ocrx_word' id='word_1_243' title='bbox 947 3621 1004 3667; x_wconf 85' lang='lat' dir='ltr'>app.</span> <span class='ocrx_word' id='word_1_244' title='bbox 1018 3621 1041 3668; x_wconf 93' lang='lat' dir='ltr'>p.</span> <span class='ocrx_word' id='word_1_245' title='bbox 1056 3609 1114 3656; x_wconf 78' lang='grc'><strong>287.</strong></span> <span class='ocrx_word' id='word_1_246' title='bbox 1140 3607 1207 3653; x_wconf 85' lang='lat' dir='ltr'>Serv.</span> 
     </span>
     <span class='ocr_line' id='line_1_31' title="bbox 23 3672 1208 3769; baseline 0 -30"><span class='ocrx_word' id='word_1_247' title='bbox 23 3684 97 3769; x_wconf 49' lang='lat' dir='ltr'>us.</span> <span class='ocrx_word' id='word_1_248' title='bbox 134 3693 166 3739; x_wconf 84' lang='lat' dir='ltr'>ad</span> <span class='ocrx_word' id='word_1_249' title='bbox 184 3692 409 3751; x_wconf 80' lang='lat' dir='ltr'>Verg.ecl.11163</span> <span class='ocrx_word' id='word_1_250' title='bbox 427 3691 533 3737; x_wconf 81' lang='lat' dir='ltr'>Boream</span> <span class='ocrx_word' id='word_1_251' title='bbox 553 3689 660 3750; x_wconf 82' lang='lat' dir='ltr'>Zephyri</span> <span class='ocrx_word' id='word_1_252' title='bbox 680 3691 734 3735; x_wconf 90' lang='lat' dir='ltr'>loco</span> <span class='ocrx_word' id='word_1_253' title='bbox 752 3690 871 3737; x_wconf 86' lang='lat' dir='ltr'>nominat.</span> <span class='ocrx_word' id='word_1_254' title='bbox 889 3714 922 3725; x_wconf 93' lang='lat'>-</span> <span class='ocrx_word' id='word_1_255' title='bbox 940 3672 1047 3739; x_wconf 85' lang='lat' dir='ltr'>ceterum</span> <span class='ocrx_word' id='word_1_256' title='bbox 1064 3691 1208 3739; x_wconf 79' lang='lat' dir='ltr'>vaticinium</span> 
     </span>
     <span class='ocr_line' id='line_1_32' title="bbox 134 3776 1209 3839; baseline 0 -15"><span class='ocrx_word' id='word_1_257' title='bbox 134 3777 258 3837; x_wconf 81' lang='lat' dir='ltr'>Apollinis</span> <span class='ocrx_word' id='word_1_258' title='bbox 271 3778 337 3837; x_wconf 86' lang='lat' dir='ltr'>apud</span> <span class='ocrx_word' id='word_1_259' title='bbox 350 3776 468 3824; x_wconf 89' lang='lat' dir='ltr'>Ovidium</span> <span class='ocrx_word' id='word_1_260' title='bbox 480 3791 506 3820; x_wconf 86' lang='lat' dir='ltr'>v.</span> <span class='ocrx_word' id='word_1_261' title='bbox 520 3777 568 3822; x_wconf 79' lang='lat'>207</span> <span class='ocrx_word' id='word_1_262' title='bbox 581 3789 643 3835; x_wconf 85' lang='lat' dir='ltr'>sqq,</span> <span class='ocrx_word' id='word_1_263' title='bbox 662 3790 710 3835; x_wconf 90' lang='lat' dir='ltr'>quo</span> <span class='ocrx_word' id='word_1_264' title='bbox 723 3776 864 3836; x_wconf 80' lang='lat' dir='ltr'>delegamus</span> <span class='ocrx_word' id='word_1_265' title='bbox 876 3779 909 3825; x_wconf 83' lang='lat' dir='ltr'>ad</span> <span class='ocrx_word' id='word_1_266' title='bbox 918 3778 1002 3826; x_wconf 83' lang='lat' dir='ltr'>Aiacis</span> <span class='ocrx_word' id='word_1_267' title='bbox 1014 3779 1209 3839; x_wconf 84' lang='lat' dir='ltr'>transfiguratio·</span> 
     </span>
     <span class='ocr_line' id='line_1_33' title="bbox 34 3860 1208 3923; baseline -0.002 -14"><span class='ocrx_word' id='word_1_268' title='bbox 34 3912 39 3921; x_wconf 66' lang='grc'><em>,</em></span> <span class='ocrx_word' id='word_1_269' title='bbox 134 3878 206 3921; x_wconf 82' lang='lat' dir='ltr'>nem,</span> <span class='ocrx_word' id='word_1_270' title='bbox 226 3863 321 3910; x_wconf 87' lang='lat' dir='ltr'>redolet</span> <span class='ocrx_word' id='word_1_271' title='bbox 339 3867 437 3922; x_wconf 88' lang='lat' dir='ltr'>poetam</span> <span class='ocrx_word' id='word_1_272' title='bbox 456 3860 660 3913; x_wconf 79' lang='lat' dir='ltr'>Alexandrinum.</span> <span class='ocrx_word' id='word_1_273' title='bbox 691 3862 787 3920; x_wconf 90' lang='lat' dir='ltr'>dequo</span> <span class='ocrx_word' id='word_1_274' title='bbox 809 3870 875 3910; x_wconf 81' lang='lat' dir='ltr'>recte</span> <span class='ocrx_word' id='word_1_275' title='bbox 891 3864 986 3911; x_wconf 90' lang='lat' dir='ltr'>monuit</span> <span class='ocrx_word' id='word_1_276' title='bbox 1004 3863 1116 3911; x_wconf 83' lang='lat' dir='ltr'>Rohdius</span> <span class='ocrx_word' id='word_1_277' title='bbox 1129 3878 1153 3923; x_wconf 87' lang='lat' dir='ltr'>p.</span> <span class='ocrx_word' id='word_1_278' title='bbox 1169 3866 1208 3910; x_wconf 83' lang='lat' dir='ltr'>al.</span> 
     </span>
     <span class='ocr_line' id='line_1_34' title="bbox 136 3949 235 3996; baseline 0 -1"><span class='ocrx_word' id='word_1_279' title='bbox 136 3949 194 3995; x_wconf 84' lang='lat' dir='ltr'>adn.</span> <span class='ocrx_word' id='word_1_280' title='bbox 214 3952 235 3996; x_wconf 89' lang='lat'>1.</span> 
     </span>
     <span class='ocr_line' id='line_1_35' title="bbox 203 4031 1207 4099; baseline 0 -16"><span class='ocrx_word' id='word_1_281' title='bbox 203 4033 246 4099; x_wconf 87' lang='grc'>88)</span> <span class='ocrx_word' id='word_1_282' title='bbox 264 4034 304 4083; x_wconf 88' lang='lat' dir='ltr'>bis</span> <span class='ocrx_word' id='word_1_283' title='bbox 321 4035 402 4096; x_wconf 89' lang='lat' dir='ltr'>posuit</span> <span class='ocrx_word' id='word_1_284' title='bbox 419 4033 547 4094; x_wconf 83' lang='lat' dir='ltr'>illepidam</span> <span class='ocrx_word' id='word_1_285' title='bbox 565 4033 596 4080; x_wconf 93' lang='lat' dir='ltr'>de</span> <span class='ocrx_word' id='word_1_286' title='bbox 613 4031 667 4080; x_wconf 91' lang='lat' dir='ltr'>lilio</span> <span class='ocrx_word' id='word_1_287' title='bbox 686 4032 803 4080; x_wconf 77' lang='lat' dir='ltr'>fabellam</span> <span class='ocrx_word' id='word_1_288' title='bbox 823 4032 912 4095; x_wconf 77' lang='lat' dir='ltr'>Georg.</span> <span class='ocrx_word' id='word_1_289' title='bbox 926 4034 954 4082; x_wconf 82' lang='lat' dir='ltr'>ir.</span> <span class='ocrx_word' id='word_1_290' title='bbox 969 4036 1009 4095; x_wconf 80' lang='lat'>74,</span> <span class='ocrx_word' id='word_1_291' title='bbox 1025 4036 1056 4083; x_wconf 81' lang='grc'>27</span> <span class='ocrx_word' id='word_1_292' title='bbox 1070 4049 1125 4095; x_wconf 92' lang='lat' dir='ltr'>sqq.</span> <span class='ocrx_word' id='word_1_293' title='bbox 1137 4035 1207 4083; x_wconf 83' lang='lat' dir='ltr'>Alex.</span> 
     </span>
     <span class='ocr_line' id='line_1_36' title="bbox 136 4120 253 4183; baseline -0.034 -12"><span class='ocrx_word' id='word_1_294' title='bbox 136 4120 187 4171; x_wconf 78' lang='lat'>406</span> <span class='ocrx_word' id='word_1_295' title='bbox 200 4134 253 4183; x_wconf 88' lang='lat' dir='ltr'>sqq.</span> 
     </span>
    </p>
   </div>
   <div class='ocr_carea' id='block_1_7' title="bbox 0 0 1271 4656">
    <p class='ocr_par' dir='ltr' id='par_1_9' title="bbox 0 0 1271 4656">
     <span class='ocr_line' id='line_1_37' title="bbox 0 0 1271 4656; baseline 0 0"><span class='ocrx_word' id='word_1_296' title='bbox 0 0 1271 4656; x_wconf 95' lang='lat' dir='ltr'> </span> 
     </span>
    </p>
   </div>
  </div>
 </body>
</html>
