2504 4656
540 212 730 278 ..9.-

182 368 438 432 Verisimillimum
460 373 505 430 ost
526 391 592 430 curn
616 371 747 431 Geranac
777 372 864 430 rebus
886 370 985 451 aliquo
1011 374 1096 431 modo
1119 389 1166 432 oo-

93 481 234 555 haesisse,
256 501 331 561 quae
353 484 439 541 antee
462 483 633 541 Athenaeus
656 501 693 541 ex
716 483 793 542 Boeo
815 482 954 542 tradidit:
976 473 1036 540 eiad
1052 474 1166 560 ’Ἄρειος

96 585 149 653 τόν
174 585 296 652 Κύκνον
317 583 526 672 ὀρνιθωθῆναι
552 589 602 651 καὶ
624 585 864 676 παραγενόμενον
886 589 935 654 ἐπὶ
957 585 1008 652 εον
1031 585 1167 673 Σύβαριν

99 697 236 787 ποιαμόν
257 696 413 781 πλησιάσαι
434 696 556 787 γεράνῳ.
601 700 676 784 λέγει
692 700 724 764 di
746 701 796 764 καὶ
819 701 991 764 ἐντίθεσθαι
1014 695 1106 762 critic
1128 704 1166 788 τῇ

94 816 211 900 νεοττιᾷ
232 809 309 874 πόαν
330 807 385 893 τὴν
405 811 565 895 λεγομένην
579 815 708 896 λυγαίαν.
753 817 805 876 scd
819 818 892 876 haec
908 835 1026 896 quoque
1048 815 1091 876 ita
1109 815 1165 875 cir·

81 925 223 988 'cumcisa
238 931 316 1002 sunt,
337 932 371 987 ut
386 926 515 1004 perspici
537 927 596 986 iarn
619 932 754 1007 nequeat,
777 927 851 1008 quid
871 933 972 988 auctor
993 926 1165 989 narraverit.

94 1039 210 1116 (iycnus
225 1038 329 1103 Martis
355 1039 434 1098 filius
456 1042 592 1099 strenuus
607 1039 747 1099 Herculis
767 1039 951 1100 adversarius
972 1039 1021 1100 vel
1045 1039 1166 1100 eScuto

93 1149 348 1220 Pseudohesiodeo
370 1149 506 1210 omnibus
528 1155 614 1210 notus
637 1155 695 1223 est,
725 1153 777 1211 scd
798 1151 990 1212 mutationem
1013 1151 1076 1212 eius
1098 1171 1166 1228 pro-

93 1262 310 1342 fectionemque
332 1264 369 1322 ad
389 1261 516 1340 Sybarin
545 1261 672 1323 fluvium
699 1261 773 1321 mihi
796 1263 915 1342 quidem
944 1283 1064 1340 prorsus
1084 1263 1166 1323 inco-

92 1373 204 1448 gnitam
226 1392 289 1433 esse
306 1375 407 1434 fateor.
449 1392 545 1452 neque
561 1375 597 1433 de
618 1374 710 1432 herba
724 1371 829 1456 toycipe
844 1373 1005 1454 quidquam
1019 1373 1162 1434 inaudivi.

169 1483 282 1545 Clausit
298 1483 503 1562 grammaticus
521 1484 802 1561 disputatiunculam
820 1486 856 1544 de
867 1485 965 1563 Gyono
982 1485 1029 1545 his
1049 1484 1164 1546 verbis:

92 1588 236 1656 καθόλου·
251 1590 282 1655 δὲ
304 1585 321 1655 o‘
343 1587 472 1673 ποιήσας
500 1597 591 1654 ταῦτα
612 1589 648 1655 toi
671 1592 728 1673 ἔτιη
751 1589 849 1654 ιιοένια
871 1589 907 1655 roi
930 1588 1019 1675 ὄρνεα
1040 1589 1162 1675 acepsi-

93 1728 170 1780 πους
193 1705 304 1787 ἱστορεῖ
322 1701 466 1787 πρότερον
488 1703 647 1787 γεγονέναι,
671 1728 746 1787 quae
767 1708 822 1768 vix
844 1708 916 1768 alibi
937 1709 1035 1769 locum
1054 1710 1164 1769 habere

93 1824 231 1897 poterant
252 1819 312 1878 nisi
333 1819 366 1878 in
387 1819 536 1896 prooemio
559 1819 697 1879 carminis
709 1820 769 1899 11).

175 1932 278 1992 Cetera
300 1931 357 1990 fide
379 1930 601 2007 interpolatoris
625 1930 806 1991 collectionis
822 1931 1043 1991 Antoninianae
1062 1929 1163 1991 nitun-

91 2048 156 2104 tur:
192 2062 263 2102 num
291 2046 409 2120 praeter
437 2044 517 2101 hunc
545 2042 703 2117 vestigium
729 2045 807 2122 quod
837 2063 883 2102 me
912 2043 1023 2121 ingerit
1054 2043 1163 2103 alicubi

90 2155 199 2228 lateat,
227 2153 383 2230 peritiores
405 2155 616 2233 doceantur).
659 2155 795 2214 laudatur
816 2161 913 2214 autem
936 2156 1031 2216 Boeus
1053 2156 1165 2215 octiens

89 2287 114 2326 ο.
129 2272 158 2325 3.
178 2267 206 2325 7.
229 2270 273 2324 11.
297 2269 343 2323 16.
364 2270 474 2324 18.19.
493 2270 601 2324 21121.
640 2285 678 2324 ex
700 2266 746 2324 his
761 2267 878 2326 Eumeli
900 2267 1036 2327 fabulam.
1066 2266 1103 2346 (c.
1122 2272 1159 2326 18

89 2374 205 2457 ἱστορεῖ
226 2377 316 2446 Βοῖος
337 2371 546 2455 ὀρνιθογονίας
567 2370 607 2456 β’)
629 2377 763 2454 respexit
785 2378 1162 2453 Ovidiusmet.V11390,

90 2489 147 2548 nbi
168 2488 274 2548 Medea
295 2487 328 2547 iu
350 2507 416 2548 aere
439 2507 539 2547 errans
561 2488 684 2564 fingitur
706 2496 839 2567 spectare

244 2599 420 2679 Eumelique
443 2601 561 2659 domum
582 2601 713 2676 lugentis
734 2601 767 2661 in
790 2620 857 2662 aare
879 2605 989 2663 natum.

86 2714 243 2789 praeterea
264 2729 289 2770 c.
306 2716 333 2784 6,
356 2710 439 2770 ouius
462 2715 609 2770 auctorem
631 2712 760 2773 nescivit
780 2712 943 2788 litterator,
963 2712 1161 2774 Schneiderus

86 2825 212 2900 propter
234 2817 337 2881 αἰσίων
366 2821 465 2883 avium
492 2822 733 2884 memorationem
762 2824 872 2901 optime
893 2827 970 2886 Boeo
997 2824 1163 2887 vindicavit

86 2932 241 3012 (Nicandr.
265 2933 376 3010 poa).
408 2932 478 2993 hinc
500 2932 626 2993 Ovidius
647 2940 717 2995 met.
740 2936 800 2995 VH
824 2942 883 2996 399
898 2957 959 3017 sq.:

219 3043 425 3123 Palladiasque
448 3064 529 3104 arces
552 3065 627 3124 quae
649 3050 687 3120 te,
710 3045 870 3108 iustissima
890 3049 1001 3121 Phene,
1015 3049 1064 3128 l²)
1123 3065 1135 3081 ·

217 3159 315 3236 teque,
337 3175 430 3214 senex
451 3155 589 3233 Peripha,
612 3157 724 3234 pariter
745 3157 847 3220 videre
867 3161 1010 3221 volantes.

86 3267 259 3328 Antoninus
287 3286 347 3327 non
369 3267 535 3341 mulierem,
566 3269 618 3328 sed
648 3268 745 3329 virum
768 3270 878 3331 iustum
906 3271 987 3332 dicit.
1032 3293 1160 3333 senem

88 3380 124 3439 de
147 3398 200 3438 suo
221 3377 304 3438 addit
326 3378 459 3439 Ovidius.

158 3549 201 3608 11)
218 3548 420 3597 Wilamowitzius
440 3549 472 3596 ab
490 3551 588 3598 homins
605 3551 657 3610 illo,
675 3551 714 3598 cui
731 3552 842 3600 notitiam
859 3555 973 3606 carminis
991 3556 1064 3606 dabat
1081 3559 1156 3607 Athe·

87 3647 172 3693 naeus,
191 3634 221 3680 de
239 3648 282 3681 suo
301 3635 384 3682 addita
402 3650 455 3683 esse
473 3635 612 3683 arbitratur.

158 3722 188 3767 11
201 3721 223 3778 ²)
247 3720 273 3767 in
290 3721 383 3782 Hygini
400 3722 480 3770 indice
498 3737 568 3786 ,quaa
586 3728 671 3771 contro
688 3724 726 3772 sas
744 3727 942 3789 concubuerunt,
966 3729 1016 3777 sab.
1030 3732 1079 3780 253
1096 3731 1158 3778 Bur-

86 3806 325 3873 sianuslltmendatt.
344 3807 408 3869 Hyg.
427 3823 452 3868 p.
467 3811 507 3856 14.
533 3809 620 3855 ultima
644 3809 722 3857 verba
746 3813 929 3872 corruptissima
953 3821 985 3878 ,at
1002 3830 1057 3862 oum
1074 3817 1160 3865 Bliade

86 3897 165 3940 matre
183 3891 234 3940 sua’
256 3893 377 3952 sagaciter
405 3895 441 3940 sic
464 3895 571 3942 restituit
595 3910 624 3942 ex
642 3897 699 3943 Ant.
717 3897 772 3946 Lib.
789 3900 819 3946 5:
846 3900 981 3962 ,Aegypius
998 3916 1054 3950 curn
1071 3904 1159 3952 Bulide

86 3983 166 4027 matra
184 3979 245 4026 sua’.
283 3979 326 4027 sed
344 3979 405 4026 nihil
423 3980 482 4027 novi
499 3980 556 4028 indo
573 3981 703 4030 lucramur.

157 4063 201 4129 12)
218 4063 371 4115 Phoeneu
389 4066 442 4114 cod.
460 4067 536 4117 Marc.
555 4049 682 4117 Phineu
699 4069 773 4120 Isaur.
