2504 4656
605 250 816 329 -,-10-

259 406 468 482 Fragmentum
487 404 616 466 aPlinio
638 409 785 466 servatum
809 425 906 484 neque
928 409 1012 465 sexto
1034 425 1131 484 neque
1153 407 1244 464 unde·

171 517 246 578 cimo
256 516 401 578 Antonini
413 517 513 594 capiti,
535 518 586 577 ubi
602 520 638 578 de
656 517 764 599 aquilis
777 518 882 593 agitur,
898 518 1028 577 inserere
1045 517 1123 576 licet.
1158 517 1244 594 plura

169 629 262 706 igitur
285 629 449 708 aquilarum
471 629 686 706 auspicaturum
710 649 817 705 genera
839 634 926 706 poeta
948 628 1173 689 concelebravit.

232 741 291 799 His
306 742 342 800 de
360 760 425 800 mea
436 740 604 802 coniectura
618 743 693 801 addo
704 741 840 801 Munichi
851 741 981 800 fabulam
993 740 1076 817 (Ant.
1086 761 1108 799 c.
1121 746 1158 799 14
1172 741 1242 818 13)),

174 850 258 911 euius
279 871 389 911 memor
410 851 469 912 fuit
492 852 634 926 Ovidius,
656 873 723 912 cum
745 852 888 912 scriberet
908 856 976 911 met.
999 852 1081 910 XHI
1103 853 1162 910 717
1180 873 1242 931 sq.:

327 962 531 1041 Chaoniosque
553 963 644 1037 sinus,
666 963 718 1023 ubi
740 963 804 1023 nati
825 983 895 1039 rege
917 963 1045 1023 Molosso

319 1073 412 1150 impia
433 1074 573 1135 subiectis
595 1076 698 1152 fugere
718 1074 858 1135 incendia
880 1073 995 1150 pennis.

166 1205 235 1246 nam
252 1204 326 1264 quae
349 1187 427 1262 apud
449 1185 632 1246 Antoninum
654 1187 686 1245 in
708 1187 768 1246 fine
790 1188 826 1246 de
847 1190 953 1246 natura
975 1186 1115 1266 victuque
1139 1185 1240 1245 avium

168 1279 325 1356 observata
346 1302 431 1370 sunt,
453 1296 478 1356 si
501 1317 576 1376 quae
598 1296 671 1370 alia,
692 1296 926 1374 Ornithogoniae
948 1297 1077 1357 indolem
1098 1297 1172 1356 mihi
1195 1297 1241 1356 vi-

167 1409 273 1468 dentur
295 1408 414 1467 referre.
518 1408 523 1417 ”

251 1519 323 1579 (lum
345 1519 462 1597 saepius
480 1519 619 1580 Ovidium
641 1519 842 1594 adhibuerim,
863 1520 928 1580 iure
950 1539 1081 1599 quaeres,
1103 1521 1240 1596 ipsumue

165 1630 272 1705 legerit
287 1631 360 1691 Boei
382 1650 500 1690 carmen
523 1651 560 1690 an
582 1651 620 1691 ex
642 1633 725 1692 fonte
742 1632 915 1692 secundario
933 1631 1059 1692 noverit.
1096 1638 1238 1708 paratum

168 1750 213 1802 est
234 1762 417 1821 responsum.

109 1908 111 1913 .
248 1853 404 1915 Aemilii
423 1854 539 1914 Macri
562 1857 666 1931 poetae
682 1854 769 1915 amici
783 1873 873 1930 opera
888 1858 1079 1914 recensentur
1101 1853 1176 1913 trist.
1193 1855 1236 1911 IV

169 1971 215 2038 lo,
239 1971 278 2025 43
295 1985 356 2044 sq.:

229 2077 322 2154 Saepe
344 2096 411 2136 suas
433 2076 567 2137 volucres
589 2077 662 2152 legit
682 2058 756 2136 mihi
778 2076 916 2153 grandior
938 2096 1011 2136 aevo

292 2207 427 2268 quaeque
449 2194 536 2248 nocet
557 2207 686 2266 serpens,
710 2208 784 2267 quae
802 2188 886 2249 iuvat
903 2190 1003 2261 herba,
1025 2188 1192 2266 Macer14).

165 2302 245 2379 quod
265 2299 365 2377 priore
392 2320 481 2360 versu
509 2300 691 2374 subindicat,
721 2300 830 2360 diserte
853 2298 1098 2375 Ornithogoniam
1126 2308 1235 2360 vocant

161 2411 275 2471 Nonius
298 2412 455 2471 Marcellus
482 2431 510 2488 p.
531 2417 606 2484 518,
631 2418 668 2470 25
691 2416 721 2471 et
741 2411 899 2471 Diomedes
921 2432 950 2488 p.
972 2413 1048 2484 374,
1072 2417 1109 2470 21
1134 2413 1234 2489 K.¹5)

161 2525 320 2599 supersunt
341 2542 435 2600 pauca
456 2523 596 2595 frustula,
628 2522 707 2581 inter
736 2541 811 2600 quae
840 2521 973 2581 eminent
1000 2525 1057 2582 duo
1085 2543 1188 2581 versus
1217 2545 1234 2583 a

131 2707 132 2712 η
160 2633 263 2694 Servio
277 2633 387 2695 servati
402 2635 439 2693 ad
454 2634 542 2710 Verg.
551 2637 625 2693 Aen.
644 2635 732 2691 1393
749 2631 832 2712 (hinc
845 2632 950 2693 Isidor.
967 2633 1039 2708 orig.
1051 2633 1151 2706 X117,
1165 2635 1234 2712 19):

244 2745 360 2823 Cycnus
380 2745 413 2804 in
436 2744 567 2821 auguriis
588 2744 686 2804 nautis
706 2742 890 2820 gratissimus
912 2745 981 2818 ales,

244 2857 324 2917 hunc
345 2860 450 2934 optant
471 2874 594 2933 semper,
617 2854 686 2934 quia
707 2874 857 2935 nunquam
879 2856 1022 2932 mergitur
1043 2857 1139 2918 undis.

158 2968 279 3028 hicum
307 2968 389 3028 nullo
421 2969 506 3028 modo
534 2987 599 3028 cum
625 2966 697 3027 Boei
724 2968 824 3028 verbis
853 2970 932 3046 apud
954 2971 1140 3029 Athenaeum
1169 2971 1187 3031 l.
1211 2973 1231 3030 l.

159 3079 349 3157 comparandi
370 3099 434 3139 esse
456 3079 514 3139 sibi
535 3078 716 3152 uiderentur,
739 3080 884 3156 Ungerus,
913 3079 970 3160 (,de
982 3080 1110 3141 Aemilio
1131 3084 1230 3142 Macro

157 3190 300 3251 Nicandri
329 3189 488 3252 imitatore’
516 3210 614 3269 progr.
634 3190 794 3250 Friedland
823 3195 902 3251 1845
936 3212 966 3270 p.
985 3195 1017 3269 5)
1047 3194 1229 3254 confidenter

156 3302 277 3377 negavit
311 3303 397 3362 illum
426 3304 525 3362 Macro
555 3296 786 3376 Omithogoniae
824 3306 1043 3381 componendae
1080 3312 1229 3367 auctorem

158 3413 250 3473 fuisse
263 3414 321 3491 16).
367 3418 488 3474 atvero
510 3413 724 3491 praeterillud
755 3420 952 3475 commentum
981 3435 1050 3475 casu
1080 3417 1229 3498 reliquum

158 3524 230 3604 quid
253 3527 349 3585 Boeus
372 3527 409 3585 de
429 3525 526 3603 Cycno
549 3525 668 3599 dixerit,
690 3531 724 3584 ut
745 3527 833 3602 plane
854 3527 1010 3600 nescimus,
1031 3528 1075 3587 ita
1096 3531 1229 3607 auspica-

158 3636 363 3646 —a———-

226 3677 269 3740 13)
286 3677 366 3725 invito
379 3678 462 3726 codice
481 3679 507 3724 in
524 3678 702 3740 antiquioribus
720 3679 868 3728 editionibus
885 3685 953 3728 extat
966 3682 1178 3742 impudentissima
1191 3687 1227 3733 in-

155 3765 286 3824 terpolatio
304 3764 379 3810 haec:
398 3761 496 3828 ἱστορεῖ
510 3759 654 3826 Νίκανδρος
672 3760 862 3830 {reposcentium
881 3762 911 3831 β’.

227 3852 269 3910 14)
286 3850 376 3897 retinui
392 3850 496 3911 probam
511 3851 564 3898 eod.
583 3848 664 3898 (iucif.
683 3851 837 3912 scripturam,
855 3853 885 3900 de
903 3867 952 3912 qna
969 3855 1098 3904 certiorem
1116 3872 1155 3906 ma
1170 3860 1227 3907 iecit

158 3934 268 3983 'l'ankius
285 3936 385 3983 amicus.

227 4017 269 4087 15)
286 4021 327 4068 hic
343 4021 407 4068 liber
424 4023 448 4069 11
465 4023 595 4084 laudatur;
630 4022 730 4070 totidem
747 4023 807 4071 Boei
824 4026 946 4073 novimus.

230 4103 272 4171 16)
291 4107 409 4168 cogitavit
425 4108 455 4155 ds
472 4107 611 4168 Nicandrc;
646 4108 699 4156 iure
716 4109 863 4158 contradixit
880 4110 1042 4160 Schneiderus
1059 4114 1114 4161 Nic.
1132 4130 1156 4175 p.
1171 4120 1209 4166 75.
