2520 5130
412 573 693 684 919-

354 775 405 835 hic
428 794 500 837 vero
523 774 666 834 attonitas
688 780 723 834 ut
744 775 867 835 nuntius
889 794 977 835 auree

162 886 266 947 matris
288 887 361 961 adit
384 886 462 965 pulsi
486 907 524 947 cx
545 886 645 947 auimo
667 887 845 967 genitorque
867 889 1022 967 pudorque

118 1049 120 1053 .
164 1003 195 1057 et
215 1003 321 1057 metus.
363 997 430 1075 ipsa
450 997 531 1057 ultro
552 997 651 1058 saeris
672 997 866 1075 plangoribus
888 1018 991 1057 amens

95 1146 98 1151 ·
163 1114 242 1169 tecta
263 1109 361 1188 replet
381 1127 567 1188 vacuumque
588 1111 688 1168 ferens
708 1109 857 1170 velamine
877 1116 982 1189 pectus

131 1268 134 1273 .
165 1221 295 1282 occurrit
317 1222 452 1280 confessa
473 1219 565 1299 patri:
590 1239 644 1279 uec
666 1225 764 1279 motus
786 1226 817 1280 et
839 1225 905 1282 atro

160 1332 289 1411 imperat
310 1330 511 1410 (infanduml)
534 1331 702 1408 cupientem
725 1333 898 1392 occumbere
920 1331 991 1391 leto.

55 1442 254 1503 consimiliter
274 1444 394 1505 Oouonz
417 1434 437 1517 ri
454 1436 485 1501 δὲ
505 1433 746 1519 διιεριιαθήσασα
768 1435 947 1521 κατάφωρος
965 1440 1073 1523 γίνεται
1090 1443 1132 1524 τῷ

58 1549 151 1634 πατρὶ
167 1549 222 1613 λιιιιὶ
244 1547 353 1626 δικάζει
374 1545 453 1636 αὐτῇ
475 1546 610 1613 θάνατον
627 1553 849 1632 πεπορνεῦσθαι
873 1548 924 1612 eoi
947 1547 1130 1629 καταψεύδε-
1200 1552 1203 1557 ’

60 1669 136 1725 σθαι
158 1657 251 1742 αὐτὴν
269 1656 457 1735 Ἀπόλλωνος
478 1661 603 1740 οἰηθείς.

147 1777 227 1858 §ero
242 1794 356 1835 memor
370 1775 492 1835 thalami
507 1781 636 1834 maestae
652 1775 763 1837 colceia
777 1777 881 1836 mortis
897 1775 1046 1842 ’Phoebus
1060 1795 1131 1853 poe·

56 1907 112 1949 nas
132 1887 244 1965 repetit
265 1905 284 1945 a
305 1885 448 1946 sontibus.
494 1906 582 1965 quem
611 1892 844 1949 consentaneum
866 1892 913 1946 est
934 1887 1073 1965 inprimis
1096 1889 1132 1946 de

57 2003 149 2078 patre
164 1997 278 2059 erudeli
294 1997 471 2077 supplicium
487 1997 654 2074 sumpsisse.
687 1999 745 2057 hoo
759 2018 836 2057 unus
851 1999 903 2059 sed
924 1999 1050 2063 idoneus
1064 2018 1132 2058 auo-

57 2110 221 2171 torrefert
244 2109 368 2170 Ovidius
389 2110 435 2169 Ib.
461 2108 517 2168 571
537 2129 588 2188 sq:

109 2226 112 2233 '
143 2223 244 2302 thue
265 2225 380 2298 patrem
402 2221 585 2293 Psamsthes,
609 2221 717 2280 condat
737 2233 768 2283 te
789 2222 929 2281 Phoebus
949 2220 983 2280 in
1006 2221 1066 2280 ima

136 2333 320 2405 ··..·Tartera,
343 2332 421 2411 qnod
444 2337 531 2391 natae
554 2333 666 2391 iecerat
686 2331 738 2391 ille
760 2351 839 2395 suae.
1078 2395 1082 2401 ,

132 2442 262 2503 ‚Deinde
291 2449 415 2520 propter
436 2443 506 2502 Liui
536 2442 661 2503 infantis
691 2463 794 2503 necem
822 2443 988 2503 infantibus
1009 2444 1133 2518 Argivis

58 2560 225 2617 monstrum
254 2555 400 2635 quoddam
430 2554 616 2614 mortiferum
646 2555 777 2616 immisit.
822 2555 958 2614 certatim
978 2560 1131 2615 testantur
1184 2560 1187 2565 ’

62 2666 191 2728 Statius:
254 2702 273 2707 w
299 2689 302 2694 ·

183 2832 186 2836 .
257 2850 259 2854 ¹
304 2781 471 2836 monstrum
491 2776 622 2837 infandis
644 2777 815 2840 Acheronte
835 2779 891 2837 sub
912 2777 972 2837 imo

166 2891 341 2967 conceptum
363 2887 561 2948 Eumenidum
582 2888 728 2962 thalamis,
752 2889 799 2948 oui
821 2889 946 2966 virginis
969 2909 1022 2948 cra

170 3005 351 3080 pectoreque
372 3020 397 3059 e.
407 3019 435 3080 q.
446 3021 468 3060 s.

64 3111 151 3174 ovid.
172 3112 220 3172 Ib.
245 3113 305 3171 573
321 3131 364 3196 sq.

162 3224 260 3303 Inque
281 3229 348 3282 tuos
372 3241 406 3281 ea
428 3222 550 3299 pestis
572 3228 628 3296 eat,
651 3241 740 3300 quam
761 3221 867 3282 dextra
889 3220 1014 3281 Coroebi
1117 3296 1120 3305 Ι

206 3335 282 3396 vicit
304 3354 390 3412 opem
411 3333 527 3393 miseria
548 3333 756 3412 Argolicisque
777 3332 856 3393 tulit.

150 3446 330 3506 Pausanias:
359 3437 508 3503 Ἀπόλλων
537 3439 569 3502 δὲ
596 3436 736 3523 Ἀργείοις
764 3440 796 3513 ἐς
826 3437 880 3520 τήν
909 3436 995 3503 πόλιν
1025 3438 1135 3520 πέμπει

66 3551 229 3634 Ποινήν.
275 3557 361 3639 quale
383 3556 476 3616 fuerit
497 3576 606 3615 nomen
629 3556 707 3634 apud
728 3561 846 3635 poetam
862 3556 1061 3634 (tyrenensem
1078 3576 1131 3633 pro

62 3672 143 3728 certo
166 3669 225 3729 dici
247 3689 308 3728 nou
329 3673 443 3746 potest,
471 3669 523 3727 sed
544 3669 670 3729 fortasse
702 3667 873 3727 coniectura
901 3666 974 3729 licet
1002 3667 1133 3746 adsequi.

61 3762 190 3854 legimus
206 3779 240 3839 in
256 3781 355 3858 utym.
372 3781 413 3840 M.
428 3800 456 3857 p.
474 3783 544 3852 249,
562 3780 595 3838 7:
618 3777 777 3856 δασπλῆτις
791 3770 811 3856 ἦ
824 3771 940 3858 Ἐρινύς
957 3772 1047 3839 nullo
1065 3778 1134 3837 δασ-

62 3892 158 3968 neqve
181 3884 322 3968 Κορνβός
344 3891 429 3971 (cau.
450 3892 487 3951 fr.
505 3890 589 3968 534).
620 3909 695 3970 quae
718 3890 864 3971 quomodo
886 3890 1043 3951 scribenda
1064 3891 1133 3964 sint,

61 4005 187 4083 posthac
210 4002 313 4063 dicam.
352 4003 461 4061 dudum
484 4008 648 4062 correctum
671 4006 717 4062 est
732 3995 891 4081 Κόροιβος.
929 4009 1019 4082 atque
1033 4003 1082 4077 agi
1098 4004 1134 4062 de

62 4117 195 4178 Coroebo
219 4117 346 4188 Poenae,
370 4134 445 4194 quae
466 4113 518 4172 hio
538 4114 621 4172 audit
643 4111 818 4188 δασπλῆτις,
840 4113 1033 4172 interfectore
1054 4121 1135 4173 reete

62 4232 232 4288 statuerunt
257 4227 316 4288 viri
344 4226 432 4285 docti.
476 4224 598 4285 Furiam
621 4233 718 4284 autem
742 4223 903 4299 significari
927 4225 1134 4299 grammaticus

62 4340 157 4399 docet.
201 4339 273 4399 hino
288 4338 387 4396 nescio
405 4356 443 4396 an
460 4336 623 4412 paullulum
639 4336 714 4394 lucis
729 4336 908 4395 adiundatur
923 4338 1089 4410 fragmento
1105 4357 1135 4397 a·

62 4451 186 4531 desputo
200 4454 257 4509 143
270 4469 316 4528 ap.
329 4449 459 4526 Heeyoh.
476 4440 496 4506 d
504 4437 744 4525 θεστοςἘριν
753 4439 806 4516 sic·
822 4441 942 4525 σκληρή,
957 4441 995 4523 ἣν
1006 4441 1059 4524 οὐχ
1070 4438 1136 4509 οἷόν

881 4557 929 4617 pe
