2504 4656
473 280 685 347 ..59-

58 426 153 515 donov
175 454 229 514 περ
248 427 379 527 ,τοκάδος
401 432 511 497 τελέθει
534 431 656 515 μύκημα
677 438 809 511 λεαίνας·

51 539 124 629 ’,1νῷ
148 540 178 607 d'
205 543 335 627 ἐξέρρηξε
358 540 412 607 οὖν
435 543 596 632 ω’μοπλαῖτᾳ
618 547 709 631 μέγαν
732 539 814 627 οἶμον

57 650 112 745 iol}
134 654 185 733 tul
206 653 333 739 γαστέρα
355 657 444 736 βᾶσα,
468 657 519 721 καὶ
541 653 698 733 Αὕτονόας
720 656 839 743 ῥυθμός
862 655 972 735 niardo·

58 746 283 830 mmm
305 763 349 829 τα
372 764 531 851 περισσοὶ
553 769 840 852 αρεανομὲοντο
863 777 1116 855 γυναῖκες.83)

37 900 132 943 novos
155 881 268 943 colores
289 882 410 943 induxit
432 883 558 945 Ovidius
579 905 609 945 v.
623 886 682 945 715
699 906 783 965 sqq.:

771 996 833 1057 ruit
854 997 950 1057 omnis
970 998 1005 1059 in
1026 1019 1119 1059 unum

59 1106 169 1181 turbe
198 1105 348 1180 furens,
379 1110 540 1169 cunetae
573 1113 715 1169 eoeunt
746 1108 1026 1188 trepidumque
1060 1131 1118 1170 se-

111 1292 114 1297 ,
937 1225 1118 1300 quantun

57 1327 117 1389 iam
137 1328 297 1406 trepidum,
318 1329 378 1391 iam
399 1331 491 1391 verbo
512 1330 612 1391 minus
633 1331 765 1393 violente
785 1331 965 1411 loquentem,

58 1440 118 1500 iam
140 1461 171 1501 se
194 1442 390 1514 damnantem,
412 1442 525 1501 ianuae
547 1462 684 1518 peccasse
705 1444 856 1503 fetentem.

61 1552 176 1614 saueius
197 1552 249 1612 ille
271 1559 371 1621 tamen
391 1554 446 1633 ,fer
469 1573 549 1630 oper,
571 1555 736 1613 matertera'
758 1554 846 1628 dixit,

61 1666 223 1745 ,Autonoel
243 1668 383 1727 moveant
404 1664 518 1725 animos
539 1665 697 1725 Actaeonis
719 1662 859 1727 umbrae?

60 1776 121 1851 illa,
145 1776 213 1857 quis
233 1780 375 1849 Actaeon,
396 1776 492 1837 nesoit
514 1779 707 1856 dextramque
730 1777 878 1853 praeantis

62 1888 194 1960 abstulit,
215 1864 308 1947 Inoo
331 1889 504 1947 laterata
526 1892 585 1947 eat
606 1888 728 1948 altere
749 1894 870 1966 raptu.

61 2019 121 2060 non
143 2000 235 2059 habet
254 1998 370 2073 infelix,
394 2020 468 2079 quae
491 2000 578 2059 matri
599 2000 737 2059 breoohia
758 2002 870 2074 tondat,

61 2118 166 2173 trunca
187 2112 240 2173 aad
262 2113 420 2173 ostendens
444 2111 575 2171 disieotia
597 2111 721 2173 vulnere
742 2112 942 2188 membris84)

62 2224 201 2303 ,odspiee,
224 2220 325 2285 mater'
347 2222 398 2282 ait.
442 2222 516 2282 visis
538 2223 711 2283 ululavit
732 2225 836 2298 Agaue

61 2337 195 2414 collaque
216 2306 340 2394 iactavit
360 2333 513 2412 movitque
535 2353 590 2410 per
610 2352 679 2393 aera
700 2333 813 2393 orinem

61 2447 256 2525 avulsumque
278 2450 367 2523 eaput
388 2444 490 2521 digitis
513 2445 667 2521 eomplexa
688 2445 817 2515 eruentis

61 2557 229 2636 elimatis
252 2557 382 2629 comites,
404 2577 478 2634 opus
499 2558 572 2616 haee
590 2557 716 2617 viatoria
737 2561 870 2617 nostrum
891 2554 965 2617 estl'

64 2688 126 2739 non
148 2668 237 2731 eitius
257 2669 377 2728 frondea
399 2668 533 2728 autumni
555 2669 666 2743 frigore
687 2673 781 2729 tentas

62 2780 183 2860 iamque
204 2781 280 2840 male
301 2781 459 2839 haerentes
479 2778 541 2849 alta
561 2780 641 2856 rapit
661 2781 765 2839 arbore
787 2785 903 2853 ventus,

62 2912 170 2971 qnam
191 2896 279 2951 sunt
299 2892 459 2950 membro
480 2889 557 2950 viri
578 2890 749 2957 menibus
765 2889 914 2966 direpta
931 2889 1118 2951 nefandis.

44 3004 112 3067 vide
134 3002 210 3062 mihi
230 3001 380 3061 hominem
400 3000 611 3075 lascivientem,
635 3002 687 3082 qui
701 3021 800 3061 rerum
822 3001 964 3062 atrocium
986 3000 1120 3061 ordinem

46 3114 178 3191 oonsulto
200 3113 336 3173 mutavit
380 3110 501 3173 brachia
521 3113 617 3189 prime
646 3113 808 3173 avellentes
837 3113 909 3172 feeit
938 3118 1119 3184 materteras,

47 3246 121 3306 qnae
142 3224 257 3286 soilioet
278 3224 366 3285 metri
391 3223 503 3287 furenti
530 3225 657 3303 supplex
687 3225 838 3300 porrigere
867 3223 1013 3303 nequiret.
1056 3228 1117 3283 tum

48 3337 176 3415 denique
198 3338 300 3409 Agaue
323 3342 411 3413 eaput
437 3336 571 3397 abscidit.
615 3340 725 3415 quanto
748 3335 908 3397 modestior
928 3340 1017 3412 poeto
1037 3354 1120 3410 grae·

47 3468 104 3522 ens,
128 3446 181 3525 qui
203 3446 300 3522 eapite
320 3447 420 3507 atatim
434 3448 537 3507 avulso
559 3447 649 3507 uelem
670 3448 737 3507 neei
754 3447 836 3507 dedit
850 3448 998 3507 miserum.
1027 3450 1058 3505 at
1073 3465 1120 3504 ee·

10 3556 13 3563 ’
48 3558 199 3637 teroquin,
229 3562 264 3616 ut
284 3558 371 3618 fenile
393 3563 440 3617 est
460 3559 578 3629 videre,
606 3559 679 3619 adeo
700 3559 779 3619 inter
801 3578 833 3619 se
853 3558 1057 3631 consentiunt,
1086 3559 1120 3616 ut

50 3718 251 3731 ὴ*-

115 3794 160 3859 83)
177 3809 202 3841 v.
215 3797 245 3843 15
261 3789 344 3846 ’ἄλλαι
362 3810 416 3842 oum
427 3798 549 3844 Ahrensio
567 3798 654 3858 seripsi
670 3813 695 3844 v.
708 3799 747 3845 16.
765 3796 792 3847 αἱ
809 3793 839 3850 δὲ
851 3795 941 3849 dimicet
957 3798 1009 3843 ood.
1021 3811 1041 3842 c.
1055 3796 1119 3854 qnod

15 3882 18 3887 '
51 3882 145 3931 retinui.
182 3885 239 3941 post
256 3896 281 3928 v.
296 3882 326 3929 19
345 3897 445 3942 vereor,
472 3883 578 3942 nequid
596 3883 725 3941 exciderit,
753 3898 811 3931 nem
827 3884 901 3931 nimis
919 3883 1024 3942 abrupta
1040 3882 1119 3928 oratio

10 3948 13 3953 Ι
52 3972 92 4027 sat,
110 3972 138 4014 ut
155 3966 227 4013 hodie
245 3968 342 4026 legitur.

10 4046 13 4055 ¹
116 4054 160 4111 84)
178 4053 260 4112 reoopi
285 4052 479 4100 emendationem
501 4053 579 4113 Regii.
621 4053 726 4101 traditus
751 4059 789 4103 est
813 4053 918 4116 pluralis
942 4051 1118 4117 tvulnero’,

10 4156 16 4211 ΙιΙ
54 4150 122 4197 qoam
141 4138 233 4186 frustra
246 4139 376 4187 defendere
394 4139 500 4187 student.
524 4124 530 4129 ¹
