2504 4656
469 1205 555 1298 Gap.
582 1207 656 1279 111.

51 1375 338 1454 Observationes
364 1376 520 1454 selectae
545 1378 581 1454 io
610 1376 726 1456 Ovidii
752 1380 1070 1480 metamorphoses.

21 1744 39 1753 ··
110 1717 190 1782 Quot
211 1721 399 1798 quantaeque
422 1719 610 1779 difficultates
640 1719 773 1781 officient
799 1720 826 1779 ei
850 1719 902 1800 qui
929 1720 1029 1798 paullo
1049 1720 1097 1780 in·

17 1830 152 1890 ²tentiore
175 1849 245 1890 oure
266 1829 297 1889 in
321 1832 432 1904 fontes,
459 1833 538 1903 unde
560 1831 693 1891 hauserit
714 1831 988 1908 metamorphoseon
1010 1837 1098 1913 poeta

11 1941 288 2017 ingeniosissimus,
312 1942 452 2022 inquiret,
474 1943 623 2002 neminem
644 1943 737 2003 letere
758 1948 864 2019 potest.
902 1943 1096 2022 nequeenim

12 2058 68 2115 vot
89 2054 184 2114 multe
204 2059 363 2130 supersunt
392 2055 580 2134 antiquitatis
605 2059 810 2126 monumento,
842 2073 915 2133 quae
938 2060 1006 2131 epte
1028 2073 1097 2129 eon-

24 2166 101 2224 ferre
124 2165 223 2238 lioeet,
245 2166 331 2224 etad
353 2166 409 2225 hoo
431 2185 525 2244 usque
541 2170 657 2241 tempus
673 2164 725 2242 qui
746 2184 781 2223 oe
800 2166 835 2223 de
857 2184 890 2224 re
907 2164 1096 2241 disputavero

21 2283 75 2338 eut
89 2296 194 2354 perum
208 2277 399 2352 profecerunt
421 2282 473 2336 eut
487 2275 572 2335 nihil.
618 2277 696 2354 quod
713 2274 852 2352 inprimis
866 2275 947 2335 velet
962 2277 997 2334 de
1012 2275 1096 2337 Mell-

23 2386 125 2448 menni
148 2387 355 2447 dissertatione
382 2387 440 2468 (de
462 2386 573 2447 oeussis
595 2391 625 2445 et
646 2386 814 2446 auctoribus
836 2385 1038 2447 narrationum
1061 2388 1097 2446 de

10 2500 142 2560 mutetis
165 2497 266 2559 formis
288 2501 325 2558 od
346 2498 554 2559 illustrandum
575 2498 703 2557 maxime
726 2503 757 2559 et
778 2497 999 2559 diiudioandum
1021 2517 1094 2574 opus

20 2610 302 2688 metamorphosium
325 2608 513 2671 Ovidienum'
534 2610 615 2686 Lips.
636 2610 738 2688 1786.)
769 2609 865 2670 sterili
893 2613 982 2689 etque
1012 2609 1093 2669 exili.

16 2723 180 2796 nonnulla,
207 2728 241 2782 ut
262 2743 316 2801 per
338 2727 413 2795 eret,
436 2721 545 2798 passim
567 2722 732 2789 attulerunt
753 2720 855 2780 Ovidii
876 2720 1004 2781 editores
1025 2721 1096 2781 inde

25 2836 58 2892 ab
80 2839 177 2894 aetate
206 2834 371 2893 litterarum
399 2832 615 2891 renascentium
641 2851 735 2911 usque
763 2834 801 2891 ed
828 2837 958 2893 nostram
986 2853 1095 2893 memo·

25 2945 112 3019 riom,
144 2945 223 3004 inter
252 2965 326 3025 quos
354 2945 441 3019 longo
471 2943 583 3020 optima
611 2943 693 3002 dedit
721 2945 760 3002 M.
782 2943 943 3021 Hauptius.
987 2945 1095 3004 deinde

24 3074 115 3132 peuce
138 3056 308 3116 observavit
328 3057 366 3115 R.
385 3056 539 3114 Fo'rsterus
560 3053 592 3115 in
615 3054 706 3129 libro,
728 3072 815 3134 quem
837 3054 1004 3132 inscripsit:
1035 3057 1095 3136 ‘dor

24 3171 93 3227 reub
124 3169 186 3227 und
216 3168 264 3226 die
291 3168 441 3227 riiokkehr
470 3169 522 3225 der
544 3164 742 3243 Persephone'
763 3186 791 3242 p.
807 3172 845 3224 80
861 3187 925 3247 sqq.
940 3167 998 3242 ⁷4).
1044 3169 1095 3225 sed

24 3279 74 3357 qui
96 3280 207 3354 tergam
229 3277 382 3338 materiam
403 3296 527 3357 eamque
556 3277 811 3353 impeditissimem
840 3276 961 3353 penitus
983 3278 1095 3336 exhau-

24 3389 156 3449 riendam
179 3388 237 3448 sibi
254 3392 442 3466 proponeret,
463 3387 604 3448 inventus
627 3392 672 3447 est
694 3389 789 3447 adhue
811 3408 905 3462 nemo,
925 3389 968 3470 ite
989 3392 1025 3447 ut
1039 3407 1094 3447 nu·

24 3521 76 3575 per
90 3501 226 3560 Rohdius
249 3499 315 3578 (1.1.
339 3523 368 3577 p.
384 3502 452 3560 127.
475 3501 541 3559 adn.
558 3500 586 3576 1)
609 3503 724 3558 tentum
745 3518 805 3557 non
824 3501 979 3576 desperare
999 3518 1030 3557 se
1044 3519 1095 3576 pe-

23 3611 80 3671 lam
102 3614 252 3688 professus
275 3613 322 3672 sit.
365 3614 422 3671 hoo
451 3613 582 3686 profecto
612 3610 735 3669 nimium
765 3615 824 3669 est:
856 3610 930 3688 quin
951 3612 1040 3670 immo
1061 3612 1095 3670 in

24 3724 119 3782 varies
141 3723 322 3800 singularum
345 3721 509 3781 fabularum
528 3722 635 3781 formes
650 3719 823 3797 diligentius
841 3720 1006 3800 inquirenti
1022 3722 1095 3780 mihi

25 3837 231 3908 occurrebant,
266 3854 340 3912 quae
362 3836 440 3892 houd
462 3832 586 3907 indigne
608 3851 671 3892 esse
692 3831 866 3891 viderentur
884 3834 921 3890 ed
942 3840 1034 3892 ortem
1057 3834 1096 3891 si-

93 3988 135 4051 74)
155 3993 180 4034 et
197 3987 320 4034 mentione
338 3993 363 4034 et
387 3987 535 4033 refutatione
557 3985 659 4046 indigno
680 3990 737 4033 sunt
759 3986 854 4034 somnia
870 3987 996 4034 Petersoni
1013 4000 1094 4050 ‘quee-

26 4074 115 4122 stiones
134 4073 280 4121 Ovidienee'
298 4074 356 4120 diss.
373 4073 478 4120 Kiliens.
499 4074 572 4120 1877.
