2504 4656
553 1258 639 1351 (lap.
662 1257 694 1329 1.

390 1430 443 1508 De
469 1428 557 1506 Boei
584 1425 848 1526 Ornithogonia.

65 1806 70 1819 ·
171 1772 245 1832 Boei
274 1791 391 1832 carmen
418 1770 584 1851 exquisitae
611 1769 762 1831 doctrinae
790 1769 1009 1847 plenissimum,
1039 1773 1075 1832 de
1098 1793 1156 1852 quo

85 1883 180 1943 fusius
203 1903 290 1963 quam
320 1883 415 1944 adhuc
446 1884 556 1943 iactum
579 1883 667 1942 video
686 1882 900 1960 ‘disputaturus
923 1903 1002 1956 sum,
1030 1884 1156 1945 strictim

85 1995 188 2070 attigit
209 2014 303 2072 nuper
317 1995 459 2054 Ernestus
471 1996 567 2054 Maass
581 1993 700 2066 amicus,
723 2014 788 2054 cum
801 1993 976 2054 Pausaniam
993 1994 1025 2054 in
1040 1995 1157 2054 libroX

87 2106 182 2184 copiis
201 2106 365 2166 Alexandri
387 2105 584 2184 Polyhistoris
612 2125 696 2163 usum
719 2123 783 2164 esse
804 2105 1018 2166 demonstraret
1047 2106 1096 2184 (de
1112 2107 1158 2167 si-

84 2219 157 2297 byll.
185 2218 334 2278 indicibus
356 2238 384 2295 p.
405 2223 454 2277 21.
479 2219 545 2276 adn.
574 2215 644 2291 52).

173 2329 420 2389 Proficiscendum
443 2333 488 2388 est
502 2347 540 2386 ex
556 2326 619 2386 loco
635 2325 784 2386 Athenaei
799 2327 885 2387 valde
907 2330 1089 2390 memorabili
1109 2333 1158 2392 IX

88 2460 118 2516 p.
129 2445 225 2500 393⁰:
250 2440 339 2511 Βοῖος
357 2433 383 2498 d’
408 2437 439 2500 ἐν
456 2433 669 2519 Ὀρνιθογονίᾳ
690 2429 815 2533 ἢΒοιοᾶ,
839 2431 879 2508 ὥς
897 2456 970 2516 φησι
984 2437 1156 2523 Φιλόχορος,
1219 2496 1226 2504 2

88 2541 150 2609 ὖιιὸ
166 2530 281 2629 ”Apama
296 2542 348 2609 τόν
361 2544 483 2608 Κύκνον
498 2543 709 2628 ὀρνιθωθῆναι
723 2545 774 2608 καὶ
788 2543 1028 2629 παραγενόμενον
1042 2549 1091 2613 ἐπὶ
1105 2547 1157 2614 τον

89 2655 225 2740 Σύβαριν
247 2653 384 2738 ποταμὸν
405 2654 564 2738 πλησιάσαι
577 2654 700 2742 γεράνῳ.
735 2660 805 2720 hinc
821 2661 989 2722 conclusere
1004 2663 1063 2724 viri
1080 2666 1158 2726 docti

90 2772 240 2831 dubitasse
262 2772 321 2831 iam
343 2772 568 2845 Philochorum,
597 2777 724 2850 poetane
745 2771 852 2832 fuisset
873 2792 909 2832 an
932 2774 1062 2850 poetria,
1085 2796 1159 2855 quae

89 2884 169 2944 istud
192 2903 308 2943 carmen
332 2883 519 2943 condidisset.
552 2885 631 2962 quod
652 2883 727 2942 mihi
745 2882 863 2962 quidem
884 2882 1009 2943 nimium
1031 2886 1158 2948 videtur.

90 2995 206 3054 cautius
228 2993 286 3054 erit
308 2993 454 3068 colligere,
476 3015 563 3073 quem
585 2996 756 3054 Athenaeus
780 2994 870 3052 Βοῖον
891 3000 1058 3072 nuncupat,
1080 3001 1158 3075 apud

89 3106 300 3166 Philochorum
322 3104 470 3164 audivisse
483 3098 572 3164 Βοιώ.
600 3105 739 3165 novimus
761 3105 913 3165 mulierem
935 3105 1016 3167 illam
1033 3109 1158 3187 Delphi·

91 3238 169 3290 cam,
192 3215 437 3289 vetustissimam,
460 3215 486 3274 si
508 3216 554 3276 dis
575 3216 688 3294 placet,
710 3221 808 3276 vatam
831 3217 931 3296 (Glem.
949 3220 1036 3280 Alex.
1058 3226 1158 3283 strom.
1213 3242 1216 3251 ·

90 3331 158 3405 Ip.
179 3329 269 3406 323),
303 3328 339 3387 ab
362 3328 531 3387 Alexandro
558 3327 745 3406 Polyhistore
771 3327 955 3389 coniunctam
986 3351 1051 3391 cum
1082 3333 1160 3395 Phe·

90 3460 196 3500 monoe
217 3439 374 3521 ⁴Apollinis
396 3438 481 3514 filia',
509 3440 675 3500 hexametri
702 3440 898 3500 inventricem
926 3442 1015 3521 (quae
1036 3421 1100 3504 laus
1114 3426 1158 3506 ab

91 3552 159 3613 aliis
181 3551 367 3612 Phemonoae
389 3551 482 3610 tribui
503 3552 606 3630 solet),
629 3552 733 3628 hymni
755 3550 788 3610 in
809 3551 980 3628 Apollinem
1001 3560 1158 3631 auctorem,

93 3638 176 3723 cuins
198 3683 300 3724 versus
323 3662 437 3740 aliquot
457 3662 558 3723 laudat
577 3661 737 3722 Pausanias
759 3663 802 3740 (X
822 3666 849 3735 5,
866 3663 982 3743 7sqq.).
1014 3666 1068 3727 vix
1085 3687 1159 3746 opus

91 3779 138 3834 est
159 3794 278 3834 monere
299 3775 372 3832 haec
395 3772 491 3832 omnia
513 3793 576 3833 esse
598 3773 715 3834 ficticia.
754 3779 784 3834 et
805 3794 843 3833 ne
866 3776 903 3833 ad
925 3795 1007 3836 casca
1029 3779 1160 3860 antiqui·

91 3887 162 3946 tatis
184 3892 317 3962 tempora
338 3884 527 3960 refugiamus,
549 3885 660 3944 sufficit
677 3886 726 3944 vel
748 3885 844 3945 obiter
865 3886 1012 3963 inspicere
1028 3890 1161 3965 fabellas,

93 4019 166 4079 quas
188 4018 226 4056 ex
249 3995 466 4071 Ornithogonia
488 4000 640 4072 excerptas
670 4000 786 4056 nostrae
813 3997 971 4056 memoriae
991 4001 1162 4062 Athenaeus
1189 3984 1192 3989 ¹

92 4109 232 4171 servavit.
265 4108 312 4166 his
335 4107 360 4166 si
382 4106 530 4166 addideris
548 4106 692 4167 Antonini
714 4106 810 4184 capita
832 4114 906 4182 octo,
928 4111 1092 4188 quaaBoeo
1111 4113 1161 4173 de-

941 4225 955 4281 l
