2504 4656
569 225 782 294 ..50-

318 379 388 427 Lact.
407 379 474 427 Plac.

137 468 206 522 geret
217 479 327 525 puerum.
345 465 382 511 illl
394 480 457 524 quae
475 466 605 514 audierunt
616 468 664 514 Pa·

136 551 201 597 troni
224 550 372 598 indicarunt.
408 555 467 598 tunc
490 552 583 599 Patron
600 552 663 599 Smi-

136 650 204 681 crum
216 650 260 694 pro
273 650 317 683 suo
329 636 380 683 filio
391 637 467 684 nimio
477 637 563 684 dilexit
575 638 663 685 affectu
724 635 769 688 καί
795 631 831 696 οἷς
858 632 871 689 ὅ
896 632 1016 702 Σμῖκρός
1038 655 1128 697 τινος
1149 638 1202 691 τῶν
1237 686 1240 693 .

136 719 206 779 eique
225 734 295 767 suam
311 722 389 768 filiam
415 723 552 770 ducendam
570 724 663 771 locavit
689 718 721 773 ἐν
754 720 933 789 Μιλησίοις
958 718 1106 784 ἐνδόξων
1138 723 1202 790 λογα-

88 806 103 852 e
138 819 247 852 uxorem.
266 806 310 852 illa
320 820 375 853 curn
387 821 527 867 praegnans
540 823 569 856 ex
582 823 611 856 eo
624 823 661 856 es·
687 803 748 871 τέρα
765 811 858 872 γαμεῖ,
876 805 920 858 καί
938 799 1004 871 αὕτη
1030 805 1149 861 τίκτουσα
1166 801 1202 876 δρᾷ

136 896 181 950 set,
199 892 264 938 vidit
281 893 306 937 in
324 893 417 940 somnis
435 907 479 953 per
496 894 579 942 fauces
603 908 660 944 suas
688 885 746 952 ὄψιν
764 888 807 944 τὸν
824 885 894 956 ἥλιον
912 887 979 960 αὐτῇ
997 888 1041 945 διὰ
1059 893 1104 945 τοῦ
1122 888 1203 958 οτόμι·

135 975 250 1024 introisse
268 977 345 1024 solem
358 982 381 1024 et
393 978 472 1026 exisse
484 993 527 1039 per
540 984 658 1027 ventrem.
686 993 728 1036 τος
753 974 873 1028 είσδῦντα
895 973 938 1029 διὰ
962 976 1012 1044 τῆς
1034 974 1146 1045 γαστρὸς
1169 976 1204 1031 καί
1237 956 1244 1037 ,ί

134 1060 217 1110 inians
235 1062 314 1108 editus
338 1061 393 1109 ideo
409 1063 538 1112 Branchus
556 1069 659 1112 vocatus
685 1062 735 1114 τῶν
761 1059 862 1115 αἰδοίων
887 1059 1035 1122 διεξελθεῖν
1063 1061 1108 1115 καὶ
1129 1051 1160 1130 ἦν
1179 1061 1201 1114 τί
1242 1074 1244 1115 ζ

135 1151 185 1205 est,
210 1147 268 1206 quia
285 1150 363 1195 mater
380 1148 432 1196 eius
450 1163 494 1209 per
511 1149 594 1198 fauces
611 1150 659 1197 sihi
686 1141 770 1212 ὅραμα
796 1151 849 1204 τοῖς
875 1141 994 1211 μάντεσιν
1020 1140 1126 1212 α’γαξλόν.
1168 1143 1202 1199 καλ
1242 1158 1244 1165 ·

85 1234 117 1280 10
134 1232 231 1279 viderat
248 1228 335 1297 [solem
347 1234 381 1296 in]
399 1240 495 1282 uterum
508 1240 658 1296 penetrasse
685 1229 759 1283 ἔτεκε
775 1229 848 1297 κόρον
861 1228 977 1298 Βράγχον
996 1224 1047 1283 dre
1060 1227 1202 1296 τοῦ·ο’νείρον

685 1317 825 1379 καλέσασα,
843 1310 884 1368 ὅτι
901 1310 1000 1384 ὁῆλιος
1012 1311 1096 1384 αὐτῆς
1114 1313 1156 1371 διὰ
1167 1317 1202 1370 ni

685 1397 797 1470 βράγχοι
815 1400 944 1467 διεξῆλθε.

168 1487 208 1534 hic
222 1503 277 1536 cnm
290 1489 315 1536 in
332 1490 402 1537 silvis
420 1490 562 1550 Apollinem
588 1504 658 1538 oscu·
718 1484 763 1538 καὶ
786 1475 850 1552 rivo*
875 1491 935 1545 παῖς
958 1481 1093 1547 κάλλιστος
1116 1472 1202 1553 citiori·

134 1573 304 1634 latuslnisset,
324 1575 514 1635 comprehensus
529 1575 610 1622 estab
629 1588 657 1622 eo
684 1589 752 1632 πων,
778 1571 823 1624 καὶ
850 1567 926 1624 αὐτὸν
952 1569 1074 1638 ἐφίλησεν
1092 1569 1200 1638 ἐρασθείς

84 1653 116 1700 15
133 1664 158 1705 et
176 1665 277 1720 accepta
294 1675 386 1707 corona
396 1660 515 1720 virgaque
527 1660 658 1708 vaticinari
684 1651 828 1719 Ἀπόλλων,
852 1653 931 1722 edocit
949 1655 1126 1722 ποιμαίνοντα,
1151 1655 1204 1712 ltin

134 1744 215 1804 coepit
232 1750 256 1791 et
273 1745 356 1792 subito
373 1760 494 1805 nusquam
512 1745 656 1806 comparuit.
685 1739 774 1810 βωμὸς
784 1737 943 1802 ’Λπόλλωνος
952 1741 1093 1809 φιλ[ηο]ίου
1107 1742 1204 1808 ἵδρυται

134 1832 253 1890 templum
270 1829 293 1877 ei
310 1831 403 1877 iactum
421 1835 470 1890 eet,
495 1830 561 1890 quod
578 1831 657 1876 Bran·
685 1821 699 1880 α’
717 1824 746 1880 δὲ
759 1823 876 1894 Βράγχος
887 1822 915 1887 ἐξ
926 1819 1086 1886 ’Λπόλλωνος
1098 1825 1203 1887 ἐπίπνους

133 1897 223 1962 chidon
249 1916 391 1963 nominatur
414 1921 438 1963 et
456 1917 566 1975 Apollini
591 1915 657 1975 pari·
685 1910 810 1978 μαντικῆς
834 1907 946 1977 γεγονώς
971 1908 997 1963 ἐν
1025 1910 1145 1978 Διδύμοις
1171 1912 1200 1980 τῷ

133 2005 170 2047 ter
193 2001 302 2048 Philesio
322 2007 465 2048 consecrata
482 2006 540 2049 sunt
556 2001 656 2060 templa,
684 1994 772 2065 χωρίῳ
784 1995 855 2064 ἔχρα.
890 1994 935 2048 καὶ
951 1996 1027 2064 μέχρι
1037 1999 1080 2050 νῦν
1097 2014 1200 2066 χρηστα·

83 2077 116 2125 2⁰
134 2099 197 2144 qnae
221 2086 253 2133 ab
271 2087 356 2134 osculo
378 2084 486 2132 Branchi
510 2087 563 2134 sire
581 2090 657 2133 certa·
685 2082 743 2148 ρίων
755 2079 920 2149 Ἑλληνικῶν,
939 2071 974 2134 οἷν
986 2082 1060 2150 ίσμεν
1074 2082 1138 2150 μετὰ
1150 2085 1202 2138 Δελ·

134 2171 200 2218 minc
211 2185 343 2231 puerorum
354 2171 460 2232 philasia
477 2177 657 2232 nuncupantur.
684 2163 749 2234 φοιλς
771 2162 904 2232 κράτιστον
922 2163 1083 2234 ὁμολογεῖται
1106 2167 1134 2222 τὸ
1159 2167 1201 2220 τοῖν

685 2252 844 2320 Βραγχιδῶν.

210 2355 233 2399 1.
252 2350 323 2416 (ras.)
339 2352 483 2399 mierhonem
499 2353 537 2398 Ba
555 2350 579 2415 (s
597 2365 673 2411 supra
690 2364 738 2399 ras.
757 2348 811 2396 add.
825 2349 883 2410 Bb).
919 2351 941 2397 2.
961 2344 1103 2397 &chinonem
1120 2351 1150 2398 A.
1182 2352 1200 2398 3.

139 2435 224 2494 effecto
236 2437 265 2483 B.
301 2440 325 2486 4.
339 2452 413 2497 acone
425 2438 447 2483 A
465 2452 534 2484 cuam
546 2437 628 2484 om.B
646 2435 806 2482 dicendamA
824 2432 952 2481 dr'coadcm
963 2435 1001 2481 Ba
1015 2433 1095 2492 filiam
1106 2451 1153 2484 om.
1164 2436 1201 2482 Ba

140 2523 163 2568 5.
176 2536 290 2581 paenam
308 2523 346 2570 Ba
364 2531 424 2570 earet
440 2537 469 2569 ee
486 2536 512 2570 eo
529 2523 559 2571 B.
604 2525 628 2571 9.
639 2522 722 2582 sacres
738 2521 768 2567 Α.
806 2522 845 2569 10.
864 2521 942 2568 verba
959 2520 1031 2568 solem
1048 2522 1074 2569 r'a
1096 2519 1201 2583 suppleri

139 2607 180 2654 cll.
192 2607 270 2668 ruyth.
288 2609 314 2655 Η
332 2609 373 2657 Sd.
389 2610 402 2656 Ι
419 2610 459 2658 81.
495 2609 526 2655 de
543 2606 679 2668 veriloquio
697 2606 728 2654 ci.
746 2608 829 2670 Etym.
847 2607 882 2653 Μ.
894 2620 918 2666 ρ.
932 2608 996 2665 211,
1016 2610 1048 2655 19
1062 2621 1099 2668 sq.
1135 2600 1202 2675 βρίγ-

96 2707 98 2711 ’
136 2687 329 2758 plecteretur&
348 2690 439 2758 λαιμὸς
457 2690 501 2744 καὶ
518 2687 630 2759 φάρυγξ·
656 2684 672 2744 d*
681 2709 693 2751 ς
710 2689 770 2743 καί
788 2687 934 2758 βράγχος
959 2688 1047 2756 παρὰ
1065 2694 1137 2752 τοῖς
1152 2707 1201 2743 ιτα·

137 2776 244 2835 λαιαῖς
268 2776 403 2844 λέγεται
429 2777 503 2846 (idem
529 2794 553 2840 p.
572 2783 630 2839 215,
650 2781 681 2828 29
701 2779 751 2844 sq.)
793 2779 832 2826 ad.
852 2781 934 2840 1³sq.
959 2778 1200 2840 cf.1.0ng.1vu=

137 2857 238 2927 αἶγας
256 2860 329 2929 ἔνεμε
350 2861 466 2932 Βράγχος
486 2861 531 2916 καλ
549 2859 677 2934 Ἀπόλλων
697 2857 773 2915 ον’τόν
798 2860 812 2915 ἔ
819 2861 953 2929 φίλησε.
991 2866 1030 2914 15.
1047 2872 1146 2926 eccepto
1163 2864 1200 2921 Βι,

136 2948 273 2996 antieiaere
289 2950 320 2998 Δ.
341 2977 371 2985 -
391 2948 511 2999 Gelaerus
529 2964 553 3010 p.
567 2953 590 2998 2.
611 2950 667 2997 adn.
687 2953 708 2999 ³.
728 2952 763 3008 (et
780 2951 865 3016 P·.³3·
884 2951 941 2996 adn.
962 2948 1000 3015 8.)
1019 2952 1106 2999 laudat
1128 2948 1201 2998 lamh-

136 3035 229 3083 lichum
247 3036 278 3082 de
295 3041 368 3096 myst.
386 3050 411 3096 p.
433 3038 480 3085 121
499 3036 600 3097 Parth.;
626 3037 656 3082 de
673 3029 826 3083 vaticinandi
845 3041 898 3083 arte
920 3036 952 3083 ab
970 3037 1088 3097 Apolline
1110 3039 1201 3098 accepta

136 3121 258 3168 cecinerat
272 3121 440 3170 Callimachus
457 3127 518 3169 teste
537 3120 692 3169 Terentiano.
729 3123 769 3169 16.
788 3117 907 3186 φιλησίον
924 3122 1013 3182 scripsi
1032 3128 1131 3171 auctore
1148 3122 1200 3170 Var-

136 3223 204 3255 rone.
242 3209 271 3255 cl.
290 3209 354 3255 Plin.
374 3210 404 3256 N.
423 3209 455 3255 H.
472 3207 582 3254 XXXIV
604 3210 643 3256 te.
675 3208 942 3257 Macrob.sat.11‘l.
964 3211 1003 3256 64.
1036 3209 1130 3256 Arnob.
1150 3207 1199 3256 adv.

139 3300 203 3354 gent.
222 3295 289 3344 126.
309 3296 351 3354 qui
368 3295 463 3344 insulse
486 3300 604 3355 tanquam
625 3293 737 3343 diversos
755 3299 882 3343 enumerat
904 3295 1070 3356 Didymaeum
1087 3299 1111 3343 et
1127 3293 1200 3341 Phile·

140 3381 211 3429 sium.
263 3383 301 3428 16.
321 3381 438 3441 apparuit
454 3382 477 3428 A
501 3381 653 3443 cmupardar't
669 3382 699 3427 Β.
749 3384 787 3430 tl.
807 3381 856 3428 eiua
873 3381 894 3427 B
920 3387 954 3427 eat
977 3395 1025 3428 om.
1044 3382 1065 3428 B
1083 3377 1200 3428 δνοαολία

145 3467 193 3514 don
210 3466 255 3512 ΑΒ
271 3481 334 3515 corr.
346 3467 416 3514 Bode
433 3461 512 3529 Myth'.
529 3467 587 3516 Vat.
600 3469 650 3515 vol.
663 3468 688 3514 11
700 3481 723 3528 p.
737 3468 778 3516 30.
816 3468 856 3515 18.
873 3465 1067 3527 apollireisfilearh
1080 3461 1199 3528 parderB

136 3552 216 3610 aare
233 3552 285 3598 n..

221 3647 315 3707 Valde
342 3647 500 3708 dolendum
530 3652 575 3708 eet
607 3653 745 3708 neutrum
774 3649 863 3725 plane
886 3647 1028 3708 continua
1057 3650 1199 3728 praebere.

139 3779 309 3839 quanquam
323 3780 382 3819 uno
400 3760 466 3819 loco
482 3761 612 3821 (lenonis
628 3761 830 3820 narrationem
844 3760 1058 3833 Varronianae‚
1080 3766 1115 3819 ut
1128 3773 1199 3819 nnnc

138 3871 256 3950 quidem
279 3881 332 3946 est,
354 3872 420 3931 iure
441 3873 599 3950 praeferes.
635 3872 700 3931 sine
722 3873 811 3931 dubio
835 3872 914 3930 enim
937 3868 1199 3945 Leucotheaml¹l

213 4013 256 4071 ll)
274 4009 441 4056 Leucotheam
458 4023 473 4055 a
490 4008 594 4056 Rhodiis
620 4009 710 4055 cultam
734 4006 810 4057 fuisse
827 4007 867 4074 (cs.
885 4009 959 4057 Diod.
979 4009 1002 4056 V
1015 4006 1058 4074 5⁵)
1076 4015 1140 4058 recte
1156 4019 1200 4055 mo·

137 4096 191 4142 nuit
209 4094 327 4142 Gelzerus
345 4109 369 4155 p.
389 4096 429 4141 41.
447 4099 579 4154 praeeunte
597 4093 714 4142 Soldano.
