2504 4656
517 224 730 289 -12-

92 384 179 458 cepto
201 381 234 439 ni
254 380 341 440 fallor
360 379 483 440 Manilio
502 380 555 459 qui
576 384 706 439 vocatur.
739 378 849 438 etenim
869 377 902 437 in
924 377 1145 465 splendidissirn

87 491 159 552 libri
181 491 304 551 secundi
326 492 447 552 exordio
470 491 547 551 varii
570 494 778 551 enumerantur
800 495 900 562 vates,
922 490 1080 560 Homerus,
1104 489 1151 548 Hc

88 603 196 676 siodus,
220 603 272 682 qui
291 607 434 662 astrorum
457 603 555 662 varias
571 602 674 663 dixere
689 603 806 677 figuras,
828 600 1011 660 Theocritus.
1049 599 1097 658 his
1115 601 1150 659 ad

87 719 246 775 nectuntur
268 714 321 774 alii
342 735 370 774 v.
394 719 528 793 43sqq.:

247 844 315 886 ecee
336 825 412 885 alius
434 825 557 903 pictas
578 825 754 886 volueres
776 845 809 884 ac
830 824 909 884 bella
930 825 1067 896 ferarum,

239 936 292 996 ille
311 941 473 997 venenatos
495 935 608 1012 anguis,
630 935 679 996 hic
700 942 771 996 nata
791 955 845 1014 per
867 936 973 995 herbas

239 1049 301 1108 fata
321 1049 413 1108 refert
433 1048 586 1129 vitamque
608 1068 661 1108 sua
682 1047 780 1107 radice
802 1047 933 1106 ferentis.

90 1158 233 1219 discernit
248 1158 342 1236 igitur
354 1164 507 1238 quattuor:
524 1151 757 1239 Ὀρνιθογονίας,
768 1160 978 1238 Κυνηγετικῶν
993 1158 1080 1238 (quos
1090 1160 1160 1218 (ira-

91 1270 151 1330 tius
173 1272 210 1330 ad
238 1270 414 1330 imitandum
441 1270 500 1330 sibi
527 1271 715 1349 proposuisse
738 1273 900 1332 censendus
923 1272 980 1348 est)
1005 1271 1146 1349 Θηριακῶ

92 1382 301 1461 (Nicandrum)
325 1383 497 1442 Borovruoiv
520 1383 571 1462 (of.
588 1383 728 1443 Meineke
746 1383 844 1442 Anall.
855 1382 942 1442 Alex.
957 1403 986 1459 p.
997 1386 1071 1462 384)
1095 1403 1151 1458 poe

88 1499 133 1555 tas
163 1514 271 1573 eosque
301 1493 496 1571 Graecosffl).
550 1475 795 1570 Ornithogorriam
823 1494 875 1574 qni
906 1501 1023 1572 praeter
1052 1496 1134 1553 Boea

87 1606 284 1683 composuerit
305 1605 454 1665 neminem
475 1606 628 1666 novimus:
659 1606 736 1666 hanc
755 1579 821 1667 viro
850 1609 935 1667 docto
948 1606 997 1684 19)
1022 1608 1149 1666 obversa

87 1723 148 1778 tam
170 1737 233 1778 esse
255 1722 383 1778 statuere
405 1717 593 1778 temerarium
614 1737 675 1777 non
696 1720 750 1777 est.

158 1931 200 1993 18)
218 1945 268 1978 non
285 1930 403 1992 dispicio,
423 1931 544 1990 quomodo
563 1929 673 1991 Scaliger
700 1929 736 1995 (in
753 1930 811 1977 edit.
830 1930 926 1977 Manilii
943 1931 1073 1990 Argentor.
1097 1935 1160 1980 1655

87 2032 112 2079 p.
128 2015 187 2080 104)
204 2017 352 2078 persuadere
372 2016 419 2065 sibi
436 2017 543 2078 potnerit
565 2020 663 2079 praeter
681 2015 794 2064 Graiium
816 2030 891 2062 unum
909 2016 1060 2074 eundemque
1079 2020 1162 2064 Aemi-

87 2104 147 2150 lium
163 2103 282 2163 intelligi,
301 2117 356 2150 eum
373 2103 438 2150 inter
455 2103 521 2151 solos
538 2102 646 2151 Graecos
663 2116 799 2150 versemur.

159 2191 201 2252 19)
226 2188 316 2236 Rhiani
340 2189 492 2237 Messeniaca
515 2189 602 2236 11114
629 2189 767 2237 subindicat
792 2187 833 2252 (cf.
851 2186 964 2235 Meineke
988 2188 1070 2234 Anall.
1089 2189 1167 2293 Alere<

88 2274 195 2339 p.190)‚
214 2276 329 2323 nimirum
346 2279 461 2323 monente
479 2274 676 2334 Wilamowitzio,
693 2277 720 2322 ut
737 2273 877 2322 blandiatur
895 2273 993 2321 Tiberio
1011 2273 1101 2320 Rhiani
1120 2276 1167 2331 ade

87 2361 197 2409 miratori
214 2361 325 2423 (Sueten.
343 2360 399 2410 Tib.
419 2356 470 2425 70).
