2520 5130
536 336 578 349 ..
621 286 642 366 '2
684 338 726 349 .-

98 451 163 517 beri
180 451 366 546 doctissimus
380 456 529 517 litterator
549 456 582 516 in
599 456 730 532 margine
753 457 862 517 codicis
884 458 1058 537 testatur1),
1081 479 1171 534 agno-

99 587 162 628 sces
184 565 274 638 ξένων
296 564 346 626 καὶ
369 561 517 647 clipiacus
539 566 677 647 ἱστοριῶν
699 574 853 645 tantopere
877 574 1036 643 amantem,
1066 577 1100 632 ut
1121 572 1170 630 vel

17 711 47 729 ,ι
97 679 211 740 invitus
233 698 403 739 assensurus
425 677 465 737 sis
488 677 592 738 Ottoni
614 677 721 736 Jahnio
743 677 818 738 tales
847 683 915 737 ante
938 678 1170 739 Alexandrinam

97 796 222 850 aetatem
243 789 333 850 scribi
357 787 488 866 potuisse
510 787 632 864 neganti
654 788 745 867 (arch.
764 788 849 847 beitr.
873 808 902 864 p.
920 793 990 848 420.
1014 791 1079 848 adn.
1102 791 1168 868 15).

96 902 153 962 hoc
177 900 267 962 velim
296 905 412 973 teneas,
444 920 481 960 ne
511 900 635 960 fallaciis
666 899 818 959 irretiaris.
862 905 978 960 restant
1008 900 1086 960 enim
1109 890 1167 960 duo

93 1013 262 1074 testimonia
285 1032 360 1093 quae
383 1012 581 1089 explicatione
603 1010 748 1088 indigent.

162 1124 245 1184 Suid.
265 1144 288 1186 s.
299 1144 328 1184 v.
354 1122 563 1198 Παλαίφατος·
586 1116 759 1200 Ἀθηναῖος,
781 1115 932 1197 ἐποποιός,
954 1115 1019 1192 υίὸς
1032 1115 1167 1181 Ἀκταίαν

95 1234 146 1296 καὶ
170 1237 317 1309 Boeotis,
341 1232 372 1294 οἱ
391 1230 422 1294 δὲ
444 1227 592 1304 'lecticae
614 1231 687 1309 (paci
711 1231 762 1292 καὶ
774 1232 971 1314 Μετανείρας,
995 1231 1026 1291 οἱ
1046 1228 1078 1292 δὲ
1099 1226 1165 1314 Ἑρ-

95 1349 164 1425 μοῦ.
208 1344 309 1428 γέγονε
331 1343 363 1406 δὲ
384 1339 460 1406 κοινοὶ
481 1343 535 1424 μέν
563 1367 643 1416 τινας
664 1338 737 1422 perci
761 1339 938 1423 Φημονόην,
969 1338 1045 1403 acroi
1066 1339 1091 1403 d'
1119 1339 1167 1403 dt-

94 1462 165 1530 λους
186 1456 238 1517 καὶ
267 1451 324 1537 πρό
349 1451 450 1534 αὐτῆς.
496 1465 661 1537 sequuntur
690 1476 779 1535 opera
808 1458 871 1537 eius
899 1476 992 1536 aeque
1020 1477 1168 1515 commen-

95 1570 166 1629 ticia
196 1578 286 1649 atque
312 1575 400 1646 poeta
430 1569 495 1646 ipse
522 1569 662 1646 deinceps
690 1568 909 1648 enumerata2).
953 1569 1088 1647 quisquis
1111 1569 1168 1627 fuit

95 1682 146 1760 qui
158 1690 257 1741 vatem
278 1688 408 1741 nostram
423 1683 621 1740 venerandam
635 1680 739 1740 marito
757 1681 866 1754 beavit,
889 1681 1072 1740 Phemonoes
1086 1701 1167 1739 meu·

95 1793 208 1853 monem
228 1792 339 1853 inicere
361 1812 421 1852 uon
439 1793 546 1852 omisit.
578 1792 637 1852 iam
653 1793 754 1852 audias
770 1792 901 1852 Plinium
923 1794 959 1852 de
975 1792 1066 1853 variis
1083 1793 1167 1872 aqui-

97 1905 193 1964 larum
203 1905 361 1982 generibus
377 1903 568 1964 disserentem
586 1904 653 1963 NH.
666 1904 698 1961 X
709 1907 743 1964 7:
764 1905 856 1984 ,tertii
878 1904 929 1983 (so.
943 1905 1072 1982 generis)
1091 1925 1167 1963 mor·

96 2016 209 2092 phnos,
231 2036 320 2096 quam
341 2016 489 2075 Homerus
512 2022 542 2076 et
564 2035 705 2093 percnum
725 2025 812 2076 vocat
834 2015 878 2094 (a
902 2020 961 2074 315
982 2019 1050 2094 sq.),
1073 2017 1166 2095 aliqui

19 2188 22 2193 .
94 2136 125 2189 at
145 2128 286 2205 plangum
307 2134 338 2187 et
359 2128 537 2202 materiam,
562 2129 691 2187 secunda
713 2126 917 2204 magnitudine
941 2135 971 2188 et
992 2128 1033 2187 vi.
1077 2129 1165 2187 huius

95 2238 158 2298 vita
189 2238 266 2299 oiroa
294 2237 391 2299 laous'.
435 2241 507 2298 haec
537 2258 575 2298 ex
598 2238 758 2299 Aristotele
787 2238 940 2299 fluxerunt
970 2237 1053 2317 (hist.
1077 2242 1164 2299 anim.

94 2350 143 2409 IX
161 2350 230 2429 32),
252 2352 304 2411 sad
326 2350 440 2428 pergit:
462 2350 682 2431 ,Phemonoe
704 2351 854 2428 Apollinis
876 2352 955 2412 dicta
978 2351 1040 2410 filia
1061 2354 1164 2411 dentes

96 2481 160 2522 esse
182 2462 211 2521 ei
232 2461 371 2539 prodidit,
394 2467 492 2522 mutae
514 2461 586 2521 alias
603 2461 778 2541 'carentique
800 2463 910 2537 lingua.
940 2463 1064 2522 eandem
1080 2463 1165 2542 aqui·
1208 2534 1209 2553 ¹

92 2574 189 2633 larum
199 2573 397 2648 nigerrimam,
406 2572 638 2651 prominentiore
650 2575 750 2632 cauda.
780 2574 928 2633 consentit
942 2581 973 2633 et
986 2575 1083 2633 Boeu
1091 2572 1113 2631 s'
1125 2575 1162 2651 3).

92 2705 180 2764 quem
200 2692 334 2745 nostrum
356 2704 419 2745 esse
440 2690 474 2745 ut
501 2684 558 2745 tibi
581 2686 808 2762 persuadeatur,
841 2685 945 2745 evolve
967 2684 1095 2744 indicem
1113 2705 1163 2744 au·

93 2806 205 2857 otorum
227 2797 297 2856 libri
317 2797 364 2869 X,
393 2796 444 2855 ubi
465 2796 544 2856 inter
566 2792 723 2878 ⁴auternos'
745 2795 881 2857 invenies
904 2797 1066 2856 Homerum
1086 2798 1163 2855 Pha-

92 2927 218 2968 monoen
235 2907 438 2967 Philemonem
448 2905 478 2985 4)
500 2909 610 2968 Boeum
632 2907 684 2987 qui
703 2901 942 2988 Ὀρνιθογονίαν.
986 2928 1086 2969 rursus
1111 2928 1162 2984 ap·

164 3142 189 3200 1)
206 3139 237 3186 ci.
263 3139 375 3199 egregias
400 3138 518 3186 Heroberi
544 3138 720 3198 disputationes
744 3139 834 3187 Philol.
853 3139 902 3186 VII
918 3153 942 3199 p.
955 3139 1013 3186 452.
1049 3138 1161 3185 Fleckei-

93 3226 146 3274 seni
162 3225 243 3272 anuab
255 3223 362 3271 LXXXI
372 3238 396 3284 p.
407 3225 465 3284 452,
483 3238 544 3283 quas
556 3225 638 3272 multis
650 3230 733 3274 auctas
745 3225 843 3286 repetiit
854 3227 938 3272 Herm.
950 3223 1000 3270 XII
1012 3239 1035 3285 p.
1046 3227 1095 3272 306
1106 3239 1160 3282 sqq.

93 3310 121 3358 u.
139 3311 224 3358 Rohdc
241 3310 339 3373 ,griecb
357 3309 428 3358 rom'
445 3323 470 3370 p.
485 3312 534 3358 114
547 3323 599 3370 sqq.

160 3396 186 3462 2)
203 3397 234 3444 cf.
252 3397 336 3455 Bergk
353 3396 452 3458 ,grimh-
466 3394 676 3455 littoraturgasch!
696 3396 708 3442 1
726 3410 751 3457 p.
761 3399 821 3456 405,
840 3397 879 3444 cui
895 3397 1031 3445 adsentitur
1049 3397 1160 3445 Hillerus

94 3484 157 3531 Mus.
176 3483 254 3530 Rhen.
272 3482 384 3529 XXXIII
401 3495 427 3541 p.
439 3481 496 3529 522.
514 3481 659 3530 nobiliorem
676 3487 780 3531 matrem
805 3483 884 3530 eidam
900 3482 1052 3542 Palaephato
1070 3484 1160 3530 adscri-

93 3571 143 3630 psit
154 3569 320 3629 Apollodorus
330 3567 489 3616 Atheniensis
505 3567 626 3616 indicatus
643 3568 703 3615 mihi
721 3569 933 3617 aWilamowitaio
951 3583 991 3630 ap.
1002 3570 1076 3616 schol.
1085 3570 1160 3616 Rbes.

93 3657 152 3716 360,
168 3654 211 3702 ubi
227 3654 354 3702 Musarum
370 3654 442 3702 liberi
459 3659 647 3702 enumerantur:
673 3652 723 3705 τῶν
741 3651 771 3706 δὲ
789 3655 878 3706 λοιπῶν
899 3651 1009 3712 Θαλείας
1024 3652 1161 3720 Παλαίφα-

93 3756 133 3791 τον
151 3734 286 3806 (γράφεται
304 3733 392 3803 εἶναι)
407 3766 437 3776 -
456 3744 563 3788 ceterum
580 3740 694 3788 falsarius
704 3739 807 3804 Λητοῦς
823 3735 953 3805 πλόκαμον
971 3754 1069 3788 carmen
1085 3741 1161 3799 illius,

93 3827 158 3888 quod
174 3826 239 3886 apud
256 3824 356 3874 suidam
372 3826 476 3886 legitur,
495 3840 545 3873 nou
562 3826 660 3887 illepide
678 3827 808 3875 ementitus
825 3830 877 3886 ast,
902 3826 1019 3887 imitatus,
1039 3831 1065 3873 ut
1082 3826 1159 3872 Wila-

93 3913 229 3960 mowitaius
246 3915 336 3971 mouet,
355 3908 492 3975 Βερενίκης
509 3908 638 3976 πλόκαμον
656 3911 854 3960 Callimacheum.

161 3996 187 4063 3)
205 3998 275 4047 codd.
292 4001 316 4045 et
333 3997 373 4044 hic
391 3997 455 4045 etin
472 3997 552 4046 indice
569 4010 646 4058 prave
663 3998 779 4046 exhibent
796 3997 928 4061 ,Boethust
947 4012 1008 4046 corr.
1019 3998 1158 4045 Pincianus.

93 4085 255 4145 corruptelam
271 4084 371 4131 retinuit
388 4083 551 4130 Dstlofssuus.

161 4169 187 4232 4)
205 4170 349 4230 Philemoni,
368 4168 410 4228 qui
427 4169 457 4216 do
475 4169 580 4218 oraculis
597 4169 696 4230 scripsit
712 4165 946 4236 (erumpite),
964 4169 1078 4230 Plinium,
1097 4185 1158 4230 quae
