2504 4656
579 304 622 314 -
663 268 792 335 52,-

149 425 319 503 ponendum
343 429 395 484 est.
439 444 474 484 ac
495 425 624 502 primum
646 425 765 504 quidem
786 424 947 500 vestigium
969 424 1109 484 carminis
1132 424 1201 484 Gelli·

148 537 263 596 machoi
286 536 464 596 remansisse
486 537 565 613 apud
586 536 654 594 illos
682 536 807 613 proclivi
832 536 979 616 quispiam
1003 536 1202 597 existimaverit

151 649 330 711 coniectura.
375 653 404 706 et
435 667 507 708 vero
537 649 634 707 fateor
662 668 710 706 me
733 668 851 728 quoque
879 649 913 707 in
945 650 1024 708 hanc
1047 648 1203 709 sententian

150 760 308 833 declinare,
333 779 512 839 quanquam,
535 765 568 819 ut
592 779 671 819 nunc
693 781 724 818 se
747 781 794 819 res
809 761 909 834 habet,
932 761 1109 820 temeritatis
1130 761 1159 818 in
1170 780 1204 819 re·

149 873 381 949 prehensionem
410 892 448 930 ne
478 871 644 943 incurram,
675 871 747 930 talia
778 872 909 930 modeste
942 873 1081 952 proloqui
1115 873 1201 950 placet

148 983 264 1055 deinde,
288 983 313 1041 si
336 982 392 1041 hoc
414 983 512 1041 minus
534 982 590 1043 tibi
613 983 810 1060 probaverim,
836 1002 944 1060 operae
966 984 1097 1060 pretium
1118 984 1203 1042 fecisse

149 1094 224 1153 mihi
247 1094 360 1167 videor,
385 1095 463 1174 quod
478 1094 663 1153 luculentum
682 1093 886 1154 Varronianae
910 1094 1064 1154 doctrinae
1078 1095 1205 1173 specimen

149 1226 187 1266 ex
210 1206 344 1266 tenebris
366 1205 499 1280 indignis
522 1210 706 1283 protractum
720 1239 763 1250 -
777 1207 890 1265 frustra
912 1206 991 1265 enim
1008 1226 1131 1287 quaeres
1145 1203 1204 1283 apud

149 1318 326 1376 Merkelium
348 1317 434 1394 proli.
458 1318 494 1376 ad
519 1317 620 1378 Ovidii
641 1319 734 1377 fastos
756 1338 784 1394 p.
808 1317 906 1377 CXVI
932 1353 972 1361 —
996 1319 1097 1396 paullo
1126 1337 1204 1377 emen·

149 1429 247 1487 datius
270 1429 472 1489 exhibendum
488 1429 597 1488 curavi.
644 1448 749 1504 nempe
768 1427 880 1488 mirum
900 1434 953 1501 est,
978 1436 1105 1509 quantas
1121 1430 1203 1490 turbas

148 1539 300 1618 paraverit
324 1540 398 1600 viris
426 1539 529 1598 doctis.
574 1540 798 1599 Schdnbornius
821 1540 962 1599 Odofredi
986 1541 1107 1601 Miilleri
1137 1538 1205 1599 disci·

148 1650 250 1728 pulus‚
284 1650 335 1730 qni
357 1651 423 1709 fuse
453 1651 489 1708 de
517 1649 646 1710 Uononis
668 1650 871 1730 Varronisque
901 1651 1098 1711 relationibus
1126 1653 1205 1728 disp·

149 1762 225 1823 tavit
260 1761 357 1843 (iiber
388 1761 439 1820 das
467 1780 567 1822 wesen
598 1760 744 1837 Apollons
766 1775 794 1819 u.
826 1762 873 1821 die
904 1762 1206 1838 verbreitung÷²ssines

150 1872 290 1932 dienstes'
313 1872 409 1931 Berol.
435 1876 525 1930 1854.
548 1892 578 1950 p.
601 1873 749 1949 stt-ea),
778 1878 811 1932 ut
838 1875 910 1932 deos
939 1894 1012 1936 vere
1040 1892 1208 1949 graecos-:ea

151 1984 267 2043 oriente
288 1988 424 2060 repetere
448 1983 531 2055 solet,
553 1983 586 2041 in
609 1989 748 2061 corrupto
770 1984 823 2042 illo
848 1985 940 2044 Olus
961 1986 1094 2046 radicem
1111 1982 1208 2046 smid-

150 2114 214 2154 eam
244 2095 440 2154 subodoratus
470 2093 606 2153 ridiculis
633 2094 813 2173 illaqueatus
845 2100 891 2154 est
917 2098 1089 2157 amoribus:
1128 2113 1208 2176 neque

149 2206 247 2265 minus
280 2225 421 2282 perverse
449 2205 594 2266 iudicavit
629 2206 665 2264 de
694 2205 811 2265 librarii
844 2209 952 2266 mendo
974 2209 1206 2286 aimarus-pro

150 2317 331 2376 Smicrus.
374 2317 516 2376 Gelzerus
539 2316 571 2394 (l.
593 2317 613 2374 l.
635 2338 664 2394 p.
689 2317 720 2395 2)
742 2317 874 2377 mirabili
896 2319 1063 2393 sagacitate·
1081 2320 1207 2380 oleron

152 2428 300 2506 Apollinis
328 2447 412 2488 avem
447 2428 507 2486 Oli
540 2428 605 2487 looo
635 2429 853 2489 restituendum
886 2450 964 2490 esse-
978 2430 1037 2489 sibi
1068 2427 1207 2508 ponant

155 2538 295 2598 nimirum
311 2539 442 2599 eiusdem
457 2559 521 2598 esse
538 2539 661 2613 originis
675 2544 834 2620 utramque
852 2540 1056 2602 narrationem
1070 2541 1207 2602 intellexe

74 2671 76 2674 ⁴
156 2656 236 2723 rant,
265 2651 387 2709 nomina
411 2650 529 2711 diversa
552 2651 697 2729 quomodo
721 2651 907 2728 expedienda
929 2658 1030 2713 essent
1050 2653 1207 2714 namsia

153 2761 203 2841 qui
224 2762 446 2821 adnotationem
468 2781 563 2821 meam
585 2761 701 2836 legerit,
725 2763 834 2824 claram
849 2770 940 2846 atque
954 2765 1140 2844 perspicuam
1154 2778 1206 2823 csse

159 2874 393 2951 corruptelarum
416 2874 562 2948 originem
585 2874 797 2954 concedetw).

225 3060 270 3126 73)
289 3061 436 3111 Welclserus
458 3061 555 3125 gdech.
580 3061 735 3122 gdtterlehre’
753 3064 778 3109 ΙΙ
794 3078 819 3124 p.
830 3066 881 3114 382
893 3078 930 3125 sq.
954 3065 1111 3115 diversitates
1127 3059 1206 3111 omnim

153 3163 203 3194 non
221 3161 322 3194 curasse
339 3147 444 3194 videtur.
481 3152 506 3194 at
523 3147 550 3194 in
568 3147 673 3207 singulis
690 3148 792 3196 mirifice
809 3150 909 3197 erravit.
946 3150 1054 3200 videsis
1072 3167 1092 3200 e.
1110 3166 1143 3212 gr.
1158 3155 1205 3209 (ιω

154 3249 179 3295 p.
194 3234 243 3280 383
258 3233 288 3280 de
300 3232 413 3292 philesiis
431 3231 555 3290 disseruit,
573 3233 599 3280 id
611 3247 708 3294 semper
719 3247 796 3294 agens
813 3240 841 3283 ut
857 3240 953 3297 turpem
966 3250 1077 3286 amorem
1092 3232 1206 3284 murdim

153 3333 183 3366 ea
201 3319 301 3378 regione
318 3318 469 3366 celebratum
493 3318 569 3366 fuisse
593 3320 780 3368 demonstraret.
814 3326 840 3368 et
862 3326 959 3371 tantum
982 3323 1084 3373 valebat
1105 3314 1205 3384 pseud·

154 3409 211 3451 cata
228 3404 327 3464 opinio,
353 3408 380 3451 ut
397 3405 428 3451 de
445 3404 593 3452 Terentiano
611 3405 676 3453 hane
693 3406 767 3453 ferret
791 3407 938 3455 sententiam
955 3423 980 3469 p.
1000 3409 1065 3463 384:
1100 3406 1205 3477 μαψ

153 3489 273 3536 vorurteil
292 3490 319 3554 (i)
347 3489 391 3536 hat
408 3490 472 3536 auch
490 3489 667 3547 Terentianus,
693 3492 801 3551 Apellen
819 3493 885 3541 habe
902 3508 953 3540 von
969 3494 1093 3542 kouscher
1107 3476 1205 3540 ltebe'ir·

155 3574 242 3633 griffen
261 3574 307 3620 den
320 3573 400 3620 hirten
412 3574 540 3622 Branehos
554 3576 598 3623 das
611 3575 757 3636 wahrsagen
776 3577 887 3637 gelehrt'
922 3583 988 3626 certe
1004 3579 1060 3626 fieri
1075 3552 1124 3626 neri
1138 3569 1206 3637 tellit

155 3658 214 3718 quin
227 3665 321 3706 eastum
339 3673 448 3707 amorem
465 3659 491 3706 in
503 3660 637 3708 obscenum
655 3661 802 3710 deterserint
819 3663 932 3712 homines
950 3665 1048 3714 lascivi.
1082 3663 1113 3713 cf·
1123 3657 1204 3715 limiti·

155 3744 223 3791 diall.
241 3746 309 3794 deor.
328 3748 352 3794 2.
370 3745 490 3793 Philostr.
507 3761 545 3806 ep.
563 3753 589 3797 d·
608 3749 632 3796 8.
651 3749 692 3797 di.
729 3749 806 3797 Clam.
825 3750 896 3797 Rom.
915 3751 1024 3799 homil
1044 3752 1083 3799 lb.
1117 3792 1145 3813 ¹.
1173 3792 1180 3817 .:

590 3968 790 3979 ——-.-—-.-
