2504 4656
609 292 823 357 „15-

181 455 212 510 at
233 449 354 510 omniuo
370 449 416 509 fas
433 453 497 510 erat
514 448 658 522 dubitare,
681 469 752 508 num
773 466 879 510 revera
897 450 974 508 esset
988 447 1184 509 Callimachi.
1215 468 1245 509 re

181 566 282 623 movet
296 561 521 634 dubitationem,
536 580 638 623 veram
654 560 752 619 reddit
767 560 967 620 oonieoturam
975 560 1093 620 Statius
1111 561 1177 620 575
1188 580 1247 640 sqq:

203 694 329 754 namque
351 683 385 732 ut
405 692 493 750 passa
515 673 600 732 deum
622 671 799 732 Nemeaei
823 673 866 730 ad
888 672 1070 732 fluminis
1093 674 1236 746 undam,

205 786 254 845 bis
278 786 385 865 quinos
407 784 497 862 plena
519 804 585 845 oum
607 785 706 844 fronte
727 789 891 844 resumeret
912 786 998 845 orbes

204 896 344 976 Cynthia,
367 896 514 956 sidereum
535 898 669 956 Latonae
690 896 752 955 feta
773 900 914 974 nepotem

202 1009 330 1069 edidit

179 1121 240 1180 iam
260 1141 330 1181 oasu
353 1120 495 1182 aooidisse
517 1140 579 1180 non
601 1119 738 1193 dixerim,
760 1122 795 1178 ut
810 1120 917 1193 Strato,
940 1117 1071 1195 impiger
1086 1119 1194 1179 (lalho
1207 1146 1240 1171 ιιι

179 1233 343 1293 aemulator
373 1232 423 1311 (of.
446 1232 570 1311 Dilthey
592 1231 691 1291 Anall.
720 1231 791 1290 Gall.
814 1251 843 1309 p.
868 1237 885 1290 6
909 1235 940 1291 et
962 1232 1030 1291 adn.
1055 1233 1103 1310 6),
1139 1235 1242 1293 form

181 1336 337 1424 οἷνδήροισι
357 1345 459 1406 eadem
481 1365 584 1406 versus
607 1344 676 1404 sede
699 1348 837 1420 poneret,
869 1363 1040 1424 quanquam
1065 1343 1195 1405 diversa
1214 1365 1241 1404 n·

179 1457 260 1516 tione
282 1457 464 1533 praeditam:
508 1462 545 1518 A.
561 1458 585 1515 P
601 1455 666 1514 XII
692 1455 761 1529 197,
784 1461 817 1516 3:

179 1563 232 1627 καὶ
264 1566 367 1638 σίκυος
389 1560 507 1648 πρῶτος
529 1589 589 1627 που
611 1561 666 1627 ἐπ’
693 1558 919 1646 ἆνὸήροιοιν
942 1557 1066 1646 ὅροιθεὶς
1094 1565 1245 1645 ΤίμιοςΗ

180 1681 257 1740 adde
280 1679 406 1741 Nioand.
429 1680 517 1741 Ther.
541 1679 601 1739 575
617 1700 675 1759 sq.:

592 1783 670 1867 μάλα
692 1781 718 1848 d'
741 1782 777 1848 dv
798 1787 849 1848 aul
872 1782 1026 1868 ἀμάρακος
1048 1786 1095 1866 εἴη

305 1896 483 1982 χροισμήεις,
506 1899 617 1984 προσίῃ
640 1921 670 1960 τε
692 1896 743 1960 καὶ
766 1895 833 1960 davd
840 1893 860 1978 ή
868 1917 972 1981 ροισι
995 1892 1138 1978 χλοάζοιν.

267 2014 393 2094 Oppiam
415 2014 484 2073 Hal.
508 2015 551 2073 IV
576 2017 635 2072 318
653 2033 716 2092 sq.:

279 2121 330 2186 aui
352 2129 461 2196 νωθεῖς
483 2144 538 2205 περ
563 2117 660 2195 ἐόντες
682 2118 867 2203 ἐπειγόμενοι
890 2120 1051 2205 φορέονται

277 2234 381 2318 σαργοὶ
402 2234 454 2296 καὶ
477 2229 666 2315 θρώσκουσιν
688 2229 741 2297 ἐπ’
768 2228 970 2316 ἆνδήροισι
993 2229 1165 2313 θαλάσσης,

181 2350 233 2411 nbi
254 2350 332 2408 idem
354 2351 417 2409 fere
439 2349 589 2423 signifieat
610 2353 699 2428 atque
721 2349 799 2426 apud
822 2348 1034 2408 Callimaohum
1047 2348 1109 2425 27).
1136 2385 1183 2394 -
1208 2351 1252 2410 Se

181 2464 257 2522 haee
279 2461 402 2523 leviora.
436 2462 473 2520 ad
495 2460 622 2519 Statium
644 2461 741 2519 redeo.
776 2480 863 2540 quem
879 2480 945 2519 oum
964 2461 995 2519 in
1011 2479 1181 2538 pauoorum
1198 2484 1252 2523 re

183 2595 266 2634 suum
285 2573 399 2633 ambitu
412 2573 458 2631 bis
476 2572 611 2646 vestigiis
627 2573 781 2631 Battiadae
802 2572 948 2631 institisse
964 2573 1209 2648 cognoverimus,
1232 2595 1252 2632 ιι

183 2686 290 2746 ceteris
313 2685 470 2746 deflexisse
486 2684 552 2764 quis
574 2685 694 2743 eredere
715 2683 834 2762 potest?
877 2684 943 2743 iure
965 2684 1059 2758 igitur
1073 2683 1252 2746 imitatore

182 2800 219 2858 ad
235 2796 368 2857 ordinem
387 2796 499 2870 elegiae
521 2795 745 2856 describendum
767 2815 932 2876 sequemur,
954 2796 1039 2855 modo
1061 2794 1095 2854 in
1111 2797 1166 2857 via
1190 2798 1247 2857 sati

181 2910 297 2970 lubrioa
313 2914 397 2968 oaute
413 2927 578 2987 sequamur.
607 2909 665 2967 hoo
684 2907 708 2966 si
721 2911 802 2967 reete
821 2907 920 2979 statui,
943 2913 1067 2985 apparet
1081 2909 1237 2969 Schneide

182 3023 281 3082 lusum
303 3022 418 3081 duabus
441 3021 477 3080 de
499 3020 595 3080 oausis
617 3019 799 3079 reiciendum
822 3040 894 3079 esse.
937 3019 1064 3100 primum
1084 3020 1169 3079 enim
1191 3022 1246 3081 fid

183 3134 297 3194 iussore
318 3133 412 3192 Statio
435 3132 575 3192 Nemeaei
605 3133 642 3192 ad
664 3131 798 3191 fluminis
820 3132 929 3191 undam
951 3130 1109 3190 Psamathe
1132 3131 1225 3192 ffliol
1239 3160 1251 3183 ο

183 3270 386 3280 -ι--ι--ο

253 3373 296 3438 26)
314 3374 335 3423 si
352 3387 439 3420 verum
457 3372 517 3432 vidi,
536 3373 639 3419 alterum
657 3370 720 3418 foret
732 3371 869 3431 exemplum
881 3369 1008 3418 detiorum
1026 3368 1175 3420 imitationis
1194 3386 1249 3432 apu

183 3459 330 3510 Stratonem.
365 3474 423 3507 nam
437 3460 483 3519 frg.
499 3461 546 3508 165
559 3474 574 3506 a
586 3458 703 3518 Diltheyo
715 3457 812 3517 egregie
826 3457 967 3517 copulatum
979 3470 1034 3503 eum
1052 3455 1098 3514 frg.
1111 3458 1173 3518 490,
1192 3472 1249 3516 quo

180 3547 291 3595 imitatus
308 3551 346 3594 est
363 3545 413 3605 ille,
432 3546 528 3593 oonfido
546 3544 622 3593 fuisse
640 3544 665 3591 in
683 3542 808 3604 prooemio
827 3543 1002 3601 celeberrimo,
1028 3540 1150 3601 quidquid
1171 3547 1241 3590 contr

183 3632 246 3680 dixit
263 3632 316 3692 ipse
333 3631 474 3692 Diltheyus.
510 3631 540 3677 of.
559 3629 699 3679 Schneider.
719 3627 782 3676 Call.
800 3630 826 3676 11
843 3644 868 3690 p.
882 3630 937 3676 116.

253 3717 299 3783 27)
318 3715 491 3765 Callimaoheis
509 3717 633 3764 adsonant
648 3713 732 3762 Nonni
749 3728 836 3763 versus
853 3714 928 3762 Dion.
947 3713 972 3758 X
990 3715 1038 3762 331

406 3798 432 3853 ἐν
450 3796 583 3866 ψαμάξιοις
599 3797 729 3860 παίζοντες
746 3795 899 3863 ἐϋκροκοὶλον
917 3801 1044 3862 ποταμοῖο.

182 3891 243 3938 XVI
261 3894 276 3938 4
410 3883 521 3952 ἐζομέιῳ
539 3881 607 3948 παρὰ
626 3885 710 3953 χεῖλος
727 3878 883 3948 ἐϋκροκοὶλου
901 3888 1030 3948 ποταμοῖο.

184 3974 382 4025 subministravit
399 3974 502 4022 Asamus
521 3973 596 4021 sohol.
616 3974 696 4019 Noun.
716 3986 740 4031 p.
762 3974 793 4019 15
810 3969 904 4035 (progr.
923 3969 1074 4018 Krotosohin
1094 3970 1184 4034 1864).
1220 3970 1245 4018 ni

184 4063 259 4109 mium
278 4068 329 4122 est,
354 4063 419 4122 quod
438 4061 579 4109 dubitanter
601 4058 684 4120 posuit
700 4058 810 4105 Naekius
828 4072 868 4118 op.
885 4058 898 4103 I
915 4071 939 4117 p.
959 4056 1009 4103 250
1027 4070 1056 4102 ex
1074 4055 1119 4114 frg.
1139 4061 1150 4101 1
1175 4060 1190 4105 7
1208 4056 1252 4105 sib

184 4149 318 4210 sumpsisse
334 4150 451 4197 Nonnum
467 4147 647 4197 adlocutionem
665 4140 723 4208 φίλε
740 4141 817 4207 κοῦρε
833 4144 1013 4204 frequentatam
1030 4141 1055 4187 in
1074 4140 1139 4188 libro
1157 4143 1203 4191 XI.
