2504 4656
496 265 712 331 ..24-

69 421 177 480 afuita
197 422 252 495 frg.
270 421 340 493 473,
375 420 545 497 Apollinem
564 423 612 484 vel
633 423 666 482 in
689 423 826 483 mulieres
847 423 1047 486 saevientem
1068 424 1146 485 iutel-

69 533 129 606 legi
152 533 259 591 debere
281 532 344 609 ipse
374 534 554 592 concesserit
575 533 787 611 Schneiderus,
819 554 881 594 non
903 535 1021 609 video,
1054 534 1147 616 quidni

69 644 148 701 idem
169 642 385 716 intellegendus
401 642 440 702 sit
460 645 518 703 hoc
539 645 614 704 loco.
659 664 728 719 ergo
744 644 897 705 mittamus
913 645 1147 724 explicationem

69 757 158 814 istam
180 754 268 813 nimis
290 754 487 814 artificiosam.
531 761 604 833 puto
619 775 738 817 versum
758 757 838 834 apud
860 756 1084 833 grammaticos
1105 756 1146 838 qui

71 867 200 927 afferunt
223 866 265 925 sic
288 865 431 943 scriptum
452 865 562 926 fixisse:

743 952 810 1037 νέον

224 1076 282 1145 ἀλλ’
307 1079 373 1144 ἀντὶ
394 1082 530 1166 βρεφὲοον
552 1079 657 1146 πολιόν
678 1118 731 1147 oo
753 1084 850 1167 sipara
870 1083 998 1165 μέσσον.

71 1193 139 1256 νέον
161 1217 250 1275 supra
271 1216 374 1258 vocem
389 1197 533 1259 rariorem
554 1196 648 1276 εἷ’ρενα
670 1200 708 1257 ab
723 1197 889 1276 interprete
905 1204 1073 1261 exaratum
1091 1219 1146 1260 eun

71 1311 103 1369 in
125 1312 241 1369 textum
262 1308 441 1386 irrepsisset,
473 1312 598 1371 verbum
625 1310 803 1370 antecedens
836 1309 978 1370 extrusit.
1026 1313 1145 1372 forme

73 1420 270 1479 Callimachus
293 1420 426 1499 scripsit:

189 1524 244 1589 ἀλλ’
270 1525 338 1591 ἀντὶ
360 1528 495 1612 βρεφὲων
517 1525 620 1590 πολιόν
642 1523 758 1604 κτάνεν,
780 1526 886 1610 εἴρετο,
909 1525 1034 1608 μέσσον,
1127 1598 1130 1603 ,

10 1654 13 1667 ·
73 1644 131 1705 nisi
155 1643 225 1724 quid
248 1643 426 1722 exquisitius
448 1642 616 1722 latea:³⁴).

73 1755 178 1830 Pergit
198 1754 327 1814 Statius:

159 1865 324 1948 quaerenti,
347 1883 423 1945 quae
446 1883 542 1939 eausa,
564 1865 641 1939 duci,
663 1865 730 1946 quis
753 1867 790 1924 ab
812 1866 934 1925 aethere
957 1865 1071 1930 laevus

158 1978 237 2052 ignis
260 1981 290 2036 et
310 1976 343 2035 iu
365 1981 461 2036 totum
482 1983 621 2052 regnaret
642 1977 737 2037 Sirius
760 1996 879 2052 annum,

160 2089 240 2147 idem
262 2093 366 2148 auctor
388 2089 488 2148 Paean
510 2109 613 2148 rursus
635 2089 718 2149 iubet
739 2089 783 2148 ire
806 2093 929 2149 eruente

158 2199 281 2259 inferias
303 2205 436 2260 monstro
458 2201 590 2274 iuvenes,
614 2201 665 2280 qui
688 2201 777 2260 caede
798 2199 897 2277 potiti.

74 2316 195 2391 accepto
219 2311 338 2370 oraculo
362 2313 463 2371 statim
485 2314 633 2372 Coroebus
656 2313 830 2386 comitante,
852 2317 888 2371 ut
909 2330 965 2388 par
988 2317 1048 2389 est,
1071 2304 1160 2377 iuva?

75 2444 147 2483 num
169 2427 296 2498 caterva,
329 2423 446 2484 etiamsi
467 2425 524 2482 hoc
546 2424 655 2483 addere
679 2423 779 2483 omisit
800 2429 902 2501 poeta,
925 2422 1067 2501 Delphos
1087 2446 1151 2503 pras

75 2538 171 2595 fectus
192 2535 363 2612 Apollinem
391 2535 509 2612 placare
531 2535 653 2594 studuit.
682 2537 718 2594 cf.
741 2534 928 2608 Pausaniam,
953 2535 1042 2597 cuius
1064 2539 1152 2600 verta

7 2725 10 2728 y
76 2667 166 2724 supra
187 2647 284 2706 attuli.
327 2648 503 2723 fragmenta,
527 2665 602 2726 quae
623 2647 683 2705 huc
696 2648 831 2720 referam,
854 2647 951 2706 habeo
967 2647 1040 2723 duo,
1064 2668 1173 2709 unum·

74 2759 238 2819 incertum:

30 2883 66 2929 lx
203 2863 314 2946 ἥκομεν
337 2867 369 2928 οἱ
387 2868 557 2943 κτείναντες,
580 2861 728 2948 ἀπότρεπε
749 2861 858 2949 λοιγόν,
872 2861 1024 2929 ’Ἄπολλον

32 3058 35 3065 Ι
75 2983 124 3060 (fr.
142 3000 188 3040 an.
207 2981 290 3060 383).
325 2981 470 3063 siquidem
492 3000 598 3043 revera
620 2987 666 3041 est
679 2980 860 3053 Callimachi,
883 2981 993 3059 aptiori
1017 2983 1088 3045 loce
1104 2985 1153 3047 rix

76 3092 246 3154 inserueris.
290 3113 360 3154 mox
387 3094 582 3154 interlocutor
612 3093 776 3152 orationem
798 3094 834 3152 ad
857 3097 951 3152 semet
972 3093 1078 3173 ipsum
1101 3086 1176 3176 pos

75 3205 135 3265 tuit
156 3206 314 3265 deflectere
336 3206 393 3265 hoe
415 3207 518 3266 modo:
542 3225 596 3281 ego
618 3224 690 3264 vero
714 3224 779 3263 sum

42 3334 67 3380 x
355 3307 398 3397 [ό]
422 3312 523 3375 κοντόν
542 3315 693 3392 onomata
717 3308 868 3395 Κόροιβος
973 3399 976 3403 Ι

75 3433 112 3491 fr.
137 3435 197 3489 534
220 3448 267 3505 ap.
291 3430 389 3506 Etym.
412 3430 452 3487 M.
476 3434 546 3502 249,
572 3429 607 3488 7:
643 3406 814 3505 Δαοπλῆτις
842 3418 863 3503 ἡ
891 3418 1031 3507 Ἐρινύς·
1064 3423 1152 3491 καλόν

77 3541 227 3617 docetque
246 3533 402 3618 Κόροιβος.
446 3541 545 3617 recepi
571 3540 743 3599 facillimam
758 3540 888 3599 Heckeri
913 3541 1151 3605 emendationem

146 3684 188 3750 34)
207 3685 323 3732 traditam
341 3685 488 3745 scripturam
506 3687 548 3746 qui
566 3690 632 3734 tenet
649 3685 856 3733 Wilamowitzius
882 3685 995 3734 conterre
1023 3702 1065 3737 me
1082 3688 1170 3739 iussit.

75 3771 187 3820 Fresenii
204 3770 317 3819 libellum
335 3773 365 3818 de
383 3767 473 3831 λέξεων
491 3771 727 3833 Aristophanearum
745 3775 769 3818 et
794 3770 894 3818 Sueten.
912 3785 964 3818 exo.
983 3773 1050 3834 Byr.
1064 3790 1094 3837 p.
1112 3750 1170 3837 ⁸¹¹·

75 3859 118 3906 ubi
143 3858 206 3904 inter
225 3856 378 3904 diversarum
403 3862 510 3904 aetatum
525 3859 704 3919 appellationes
724 3861 896 3904 enumerantur
923 3849 989 3920 α’νήρ
1009 3855 1076 3923 νέος,
1101 3853 1151 3911 εἶτα

76 3938 140 4008 ἀνὴρ
160 3939 244 4008 μέσος.
281 3942 325 3990 sed
342 3957 438 4000 vereor,
463 3948 490 3989 ut
508 3943 551 3991 ille
568 3936 633 4008 π’νήρ
651 3941 705 4002 νέος
729 3945 755 3990 in
773 3944 839 3990 huno
857 3945 938 3991 locum
953 3944 1076 4003 quadret:
1094 3944 1152 3995 min

76 4031 164 4078 saltem
181 4029 245 4076 foret
262 4028 410 4076 coniunctio.
445 4034 530 4077 contra
554 4029 682 4090 aptissime
699 4033 922 4078 commemorantur
944 4027 1057 4082 infantes
1074 4032 1163 4091 ”naq

77 4115 247 4166 adulescentes
266 4114 306 4181 (cf.
325 4114 391 4161 Plut.
407 4112 471 4176 Lyc.
491 4116 530 4172 17)
548 4114 605 4166 viti,
1072 4140 1113 4183 ¹'r
1128 4146 1161 4183 Η.
