2504 4656
538 1246 624 1340 (lap.
650 1245 703 1319 11.

461 1414 781 1494 Callimachea.

129 1827 135 1842 ,
175 1762 338 1840 Postquam
367 1761 519 1837 praeclaro
543 1762 639 1820 studio
662 1760 761 1820 Caroli
782 1759 918 1839 Diltheyi
946 1761 1083 1820 effectum
1105 1764 1159 1834 cst,

88 1876 123 1930 ut
137 1872 292 1932 Battiadae
315 1875 378 1931 arte
400 1871 528 1933 valentis
549 1872 702 1947 ingenium
724 1872 756 1930 in
778 1871 914 1952 reliquiis
935 1872 1024 1932 unius
1046 1872 1159 1944 saltem,

88 1983 142 2042 sed
165 1984 229 2042 eius
251 1983 340 2058 longe
356 1984 565 2044 celeberrimae
588 1983 700 2058 elegiae
721 1983 850 2061 perspici
872 1983 975 2061 possit,
998 1984 1160 2061 optandum

87 2097 162 2167 erat,
185 2098 220 2153 ut
242 2101 406 2155 ceterarum
420 2115 537 2176 quoque
550 2097 677 2156 frustula
692 2096 793 2155 eadem
809 2095 965 2170 diligentia
987 2094 1161 2170 colligeren-

85 2210 146 2279 tur,
163 2205 401 2284 disponerentur,
418 2213 635 2281 enarrarentur,
650 2206 881 2268 illustrarentur.
908 2211 997 2287 atque
1008 2207 1161 2266 fatendum

87 2317 208 2398 quidem
231 2321 276 2378 est
290 2319 465 2393 Rauohium,
489 2318 540 2399 qui
563 2322 631 2378 ante
647 2318 822 2397 Diltheyum
837 2338 863 2378 a.
882 2323 962 2378 1860
981 2318 1161 2396 peculiarem

88 2430 125 2490 de
140 2431 238 2490 Aetiis
260 2431 394 2491 libellum
417 2429 664 2508 conseripsitw),
687 2429 744 2490 etsi
766 2431 797 2489 iu
821 2429 946 2505 singulis
967 2431 1047 2506 haud
1071 2429 1161 2490 semel

85 2543 221 2618 grauiter
243 2543 367 2616 erravit,
389 2541 563 2622 plerumque
585 2547 638 2601 aut
658 2562 762 2603 verum
784 2541 894 2603 vidisse
916 2547 969 2603 ant
990 2543 1160 2621 proximum
1241 2522 1243 2527 Ι

85 2643 198 2715 afuisse
220 2675 341 2727 avero,
365 2655 415 2712 sed
441 2674 507 2714 cum
529 2653 675 2728 angustiis
694 2653 1160 2730 dissertationicircumscriptis,

88 2766 247 2846 quominus
262 2786 325 2826 rem
342 2767 511 2839 conficeret,
534 2765 737 2842 impediretur,
759 2766 872 2839 largam
887 2765 1057 2842 disputandi
1069 2769 1160 2824 mate·

85 2877 163 2938 riem
185 2877 317 2957 reliquit.
361 2877 559 2937 Schneiderus
581 2896 662 2951 vero,
687 2877 792 2956 quiin
816 2877 989 2951 colligendis
1010 2878 1160 2951 fragmen·

83 2990 126 3049 tis
149 2990 248 3063 magni
266 2989 384 3048 Bentlei
405 2993 505 3067 partes
528 2989 666 3066 suscepit,
688 2993 721 3048 ut
744 2988 903 3063 colligendi
919 3009 1025 3048 munus
1049 2989 1160 3067 optime

86 3101 311 3160 administrasse
339 3100 504 3159 laudandus
532 3105 591 3173 est,
620 3100 663 3159 ita
685 3100 876 3178 disponendi,
899 3099 1070 3173 enarrandi,
1092 3100 1160 3159 illu·

86 3212 205 3272 strandi
226 3213 316 3286 longe
338 3212 551 3271 infelicissime.
595 3217 828 3290 praeoccupatus
850 3212 930 3271 enim
951 3211 1110 3271 falsissima
1125 3213 1161 3271 de

87 3323 242 3383 nonnullis
257 3324 373 3403 Hygini
394 3323 543 3383 indicibus
559 3323 699 3402 opinione
714 3324 875 3399 imaginem
891 3323 948 3382 sibi
966 3322 1163 3384 conformavit
1185 3308 1189 3314 ¹

86 3435 251 3510 elegiarum
273 3455 291 3495 a
311 3435 439 3496 veritate
461 3455 582 3514 prorsus
605 3434 740 3494 alienam.
785 3435 835 3494 sed
864 3436 900 3494 de
922 3437 979 3495 hac
1000 3435 1059 3497 riri
1081 3434 1162 3494 docti

87 3547 270 3621 coniectura,
294 3567 368 3627 quae
390 3546 496 3607 merito
520 3546 673 3624 displicuit
694 3546 837 3621 Rauohio,
860 3547 1012 3625 Diltheyo,
1034 3547 1160 3621 Rohdio,

86 3659 148 3717 iam
166 3679 227 3718 non
249 3659 407 3731 disseram,
430 3658 605 3736 praesertim
627 3678 694 3719 cum
715 3659 829 3718 nitatur
850 3658 998 3718 indicibus
1012 3657 1161 3736 Hyginia-

87 3771 145 3844 nis,
169 3771 205 3830 de
222 3770 328 3851 quibus
343 3770 502 3850 aliquando
526 3769 674 3847 copiosius
690 3770 909 3847 disputaturum
924 3790 971 3829 me
986 3791 1049 3831 esse
1065 3790 1160 3848 sporo.

157 3947 203 4012 20)
222 3949 336 3996 libellum
353 3949 395 3997 diu
412 3964 478 3997 ame
496 3950 587 3998 frustra
598 3950 731 4010 expetitum
749 3951 848 3998 tundam
866 3949 992 3997 Rsuobius
1009 3949 1071 4010 ipse,
1088 3964 1160 4009 quem

86 4034 176 4084 litteris
195 4035 259 4096 adii,
282 4034 389 4095 benigne
413 4035 487 4083 misit.
522 4035 561 4083 eui
584 4039 685 4096 propter
707 4035 828 4095 insignem
853 4035 1051 4083 benevolentiam
1068 4035 1160 4096 gratias

88 4136 135 4183 ago
153 4135 229 4180 quam
245 4120 374 4169 maximas.

68 4290 103 4343 'aa
144 4318 186 4353 ,μ
