2504 4656
402 274 404 279 ⁴
497 318 539 331 -
583 280 711 347 23*-

66 434 108 495 rit
130 436 280 513 Apollinis
294 439 445 498 funestum
461 432 572 515 -λοιμὸν
594 459 648 516 per
664 437 827 499 exercitum
843 437 1019 513 spargentis,
1043 436 1138 516 qualis

65 551 114 606 est
142 549 219 625 apud
241 550 407 610 Homerum
428 554 456 610 A
472 556 511 610 43
529 550 615 631 sqq.?
658 551 747 610 talem
780 569 851 611 vero
883 552 1138 627 repraesentatum

15 650 20 655 ’
64 678 132 717 esse
155 659 282 718 etiams
306 661 484 721 Callimacho
507 668 541 721 ut
564 666 734 733 statuamus,
759 661 949 737 suadet=ipsa
965 679 1064 719 rerum
1085 677 1138 719 na·

63 773 143 828 turo.¹
187 771 298 831 etenim
319 774 420 833 Poena
442 774 549 833 ,occisa
577 779 809 852 consentaneum
837 778 882 831 est
910 772 997 832 deum
1023 770 1139 831 ultricis

63 881 147 941 vices
161 881 193 939 in
210 904 240 942 se
256 884 421 961 suscepisse
442 891 533 965 atque
556 886 693 960 graviore
707 885 878 963 pestilentia
892 883 972 946 cives
994 883 1136 943 affecisse.

63 993 193 1052 Statium
216 1015 281 1054 cum
303 996 387 1070 lego,
410 998 567 1057 Battiaden
589 997 693 1056 audire
712 996 787 1055 mihi
807 996 912 1057 videor
933 994 1135 1072 praeclarissi-

26 1116 29 1121 '
62 1124 144 1163 mum
174 1107 299 1166 Homeri
317 1109 482 1185 exemplar
513 1128 566 1168 sua
593 1112 657 1168 arte
689 1127 830 1186 superare
857 1108 1034 1167 studentem.
1077 1106 1137 1163 huc

63 1221 180 1295 spectat
199 1218 236 1276 fr.
260 1220 299 1279 27
304 1226 339 1280 6:

251 1370 254 1375 -
306 1374 309 1379 -
347 1325 529 1406 ψευδόμενοι
552 1323 662 1410 δ’ἷερῆν
684 1330 848 1408 φημίζομεν
876 1380 879 1385 ,
1149 1339 1187 1388 VI

10 1464 23 1521 ξ
62 1440 144 1518 quod
166 1441 202 1499 de
226 1434 303 1500 νόσω
325 1444 444 1525 λοιμικῇ
467 1444 579 1503 dictum
600 1462 664 1503 esse
684 1444 774 1503 fidem
795 1443 868 1502 fucit
880 1443 979 1503 schel
997 1441 1136 1519 Apellen.

10 1592 20 1615 ,
60 1551 79 1610 I
107 1557 195 1626 1019,
218 1553 295 1613 Line
318 1554 472 1616 verissime
495 1556 653 1633 adscripsit
669 1556 876 1614 Schneiderus.
920 1554 1135 1633 poetatus1gi-

10 1644 124 1732 {stur
135 1664 201 1725 fere
217 1669 266 1722 est
253 1664 477 1725 ttiallimachus
499 1667 642 1743 sparsisse
658 1667 744 1726 deum
758 1666 914 1743 pestiferas
929 1665 990 1740 sagi
992 1670 1059 1739 t,tas
1081 1667 1135 1724 ho-

15 1774 168 1833 mines
174 1795 334 1852 percussos
363 1778 463 1838 statim
493 1783 590 1838 taetro
606 1779 714 1838 morbo
737 1778 842 1836 fuisse
839 1781 1015 1854 weormptcs
1046 1796 1133 1856 quem

10 1940 17 1949 .
50 1887 186 1965 ¹spridem
204 1893 328 1946 sacrum
340 1889 415 1949 falso
439 1890 600 1949 soleremus
611 1908 737 1950 ¹vocare.

14 2072 17 2077 Ι
141 2002 188 2058 ut
210 2019 282 2060 vero
304 2000 364 2059 iam·
383 2020 444 2059 nou
466 2002 597 2061 inientes
618 2002 779 2073 interemit,

10 2110 17 2119 '
60 2128 76 2155 ·=
171 2148 181 2157 ·‹
206 2103 262 2169 aba
289 2103 354 2170 cini
376 2109 511 2190 βρεφέων
533 2108 647 2183 πολιόν,
670 2109 748 2187 νέον,
771 2109 876 2188 ripere,
899 2106 1023 2186 μέσσον.
1141 2141 1190 2191 vn

21 2278 24 2283 .
58 2220 111 2301 (fr.
136 2223 330 2303 473)·ueque
352 2225 487 2302 pepercit
553 2266 556 2271 -
978 2270 981 2274 .

61 2336 144 2401 p···='··
177 2328 270 2393 codd
295 2321 361 2417 ᾗσιν
383 2331 440 2394 tral-
454 2328 556 2405 κτενὸς
577 2332 666 2394 ἔσκον
688 2331 804 2412 ἔθειραι
822 2336 872 2414 (fr.
898 2334 971 2411 308)
1133 2347 1197 2395 VIII

25 2476 28 2481 ·
59 2447 107 2505 his
136 2446 216 2504 enim
243 2447 417 2521 fragmentis
440 2447 637 2506 Schneiderus
665 2447 774 2524 partim
803 2450 965 2524 praeeunte
994 2444 1146 2504 Heckerc'

60 2556 176 2631 sagacit
178 2578 211 2617 er
164 2559 312 2617 thuna
326 2558 423 2617 lecum
439 2558 585 2619 attribuit.
630 2561 843 2618 obversabatur
856 2557 977 2632 egregia
988 2556 1131 2632 gradatio,

59 2669 91 2728 ui
114 2669 205 2747 plane
227 2669 323 2743 fallor,
346 2671 464 2742 Nonne,
488 2689 554 2728 cum
568 2669 749 2746 Melampum
771 2670 807 2728 ds
822 2670 941 2729 Baechc
960 2669 1131 2747 loquentem

59 2782 175 2841 faceret
196 2781 290 2840 Dion
306 2781 434 2840 XLVII
459 2782 519 2839 724
536 2800 596 2860 sq.:

166 2996 254 3079 ¹pr}
276 2999 385 3061 τεκέων
406 2996 479 3078 μετὰ
501 2995 616 3079 πότμον
637 2997 833 3060 ἀποκτείνειε
830 3004 992 3080 γυναῖκας

10 2818 147 3153 ἱ
213 2885 254 2968 μὴ
277 2884 347 2968 perci
370 2910 462 2968 νηπια
484 2887 569 2950 τέκνα
590 2912 641 2949 και
664 2883 815 2967 ἡβητῆρας
837 2885 886 2950 tlt
887 2905 952 2975 cop,

10 3114 187 3183 “alterum
215 3113 374 3174 frustulam
405 3115 441 3173 de
463 3114 584 3173 feminis
611 3114 774 3192 puberibus
804 3120 885 3174 reete
913 3115 946 3173 in
947 3119 1130 3191 terpretetur

10 3156 20 3279 l
57 3231 102 3286 est
118 3226 325 3300 Schneiderus,
348 3226 430 3286 cuius
445 3227 514 3287 vide
535 3226 765 3286 adnotationem.
809 3227 845 3286 de
860 3225 959 3304 priore
974 3226 1126 3286 dissentio.

10 3322 12 3333 Ι
54 3356 161 3399 vocem
193 3333 273 3413 νέον,
305 3358 393 3418 quam
416 3338 530 3397 scilicet
551 3339 587 3397 de
609 3339 718 3400 iuvene
740 3337 940 3414 recipiebant,
973 3339 1126 3397 ferendam

53 3467 126 3508 nom
150 3468 225 3508 esse·
243 3450 353 3508 dudum
373 3448 588 3510 intellexerunt
617 3449 675 3511 viri
706 3449 793 3508 docti.
837 3443 1016 3526 patrocinari
1038 3469 1126 3509 ausus

22 3550 108 3621 ¹est*
123 3559 322 3621 Schneiderus
344 3560 593 3639 interpretatione
614 3562 703 3640 plane
727 3562 857 3622 diversa:
884 3580 939 3640 prc
960 3562 1125 3622 infantibus

53 3672 190 3732 vicissim
206 3692 313 3731 senem
333 3674 472 3734 iuvenem
494 3674 665 3752 mediaeque
687 3674 793 3732 aetatis
807 3672 905 3735 virum
926 3673 1018 3754 λοιμῷ
1033 3675 1125 3734 inter-

52 3788 171 3861 emptos
200 3803 291 3842 unum
321 3790 351 3844 et
379 3785 504 3844 alterum
526 3785 557 3844 iu
579 3804 651 3858 roge
675 3784 902 3846 coacervari
931 3786 1023 3845 coacti
1046 3791 1123 3844 sunt,

52 3893 208 3954 derivavit
229 3895 321 3968 igitur
343 3916 360 3954 a
382 3899 472 3957 verbo
496 3891 578 3955 νέειν.
623 3901 653 3954 at
668 3901 740 3982 puto
764 3897 813 3975 qui
836 3900 936 3955 mente
958 3917 1018 3956 non
1041 3915 1122 3974 prae·

52 4011 201 4084 occupata
222 4007 401 4067 versiculum
422 4008 542 4082 legerit,
566 4027 633 4066 eum
655 4013 761 4086 sponte
783 4003 850 4067 νέον
872 4008 908 4067 de
930 4009 1038 4070 iuvene
1060 4029 1124 4067 esse
1173 3994 1177 4000 ’

37 4094 255 4196 accepturum.
301 4119 406 4178 deinde
423 4139 488 4178 cum
509 4118 540 4176 iu
557 4120 613 4194 frg.
632 4125 700 4194 308,
721 4121 798 4199 quod
816 4125 895 4180 certe
917 4141 978 4181 nou
1000 4121 1124 4180 multum
