2504 4656
525 249 738 316 ,ιη-

180 408 220 465 Et
248 405 316 467 ride
342 406 431 485 mihi,
463 411 574 487 quanta
603 426 669 466 cum
698 411 762 466 arte
783 409 859 467 haec
882 425 1025 484 expressa
1046 404 1152 464 fuerint.

97 517 291 577 moribundae
306 518 454 596 Phyllidis
470 519 502 577 in
517 520 661 579 honorem
675 519 749 579 folia
764 520 918 578 decutiunt
933 521 1064 591 arbores,
1079 535 1152 591 grave

98 649 185 687 omen
208 630 252 688 rei
274 630 401 689 futurae.
447 649 462 687 e
485 630 619 708 sepulcro
642 631 775 690 nascitur
797 630 969 709 amygdalus
993 634 1072 690 certo
1093 632 1150 686 ten·

97 761 170 818 pore
192 746 312 818 ruptum
334 741 438 800 foedus
455 743 564 801 amoris
581 742 706 801 floribus
727 741 833 816 lugens
848 741 1057 802 defluentibus.
1097 757 1148 796 nan

96 851 239 910 foliorum
262 851 343 926 loco,
367 857 401 910 ut
423 853 503 926 dixi,
525 854 614 912 flores
637 852 836 912 substituendi
859 858 937 913 sunt.
982 850 1088 912 eximie
1105 849 1147 906 hoo
1172 926 1174 931 Ι

99 964 301 1037 excogitatum
334 968 379 1021 est
410 964 555 1043 simulque
588 965 632 1024 rei
653 965 789 1038 veritati,
822 970 966 1045 quantum
995 947 1145 1041 spectitat
1178 1016 1180 1021 .

95 1074 244 1152 amygdali
266 1080 411 1150 naturam,
435 1076 546 1152 optime
569 1075 717 1137 convenit.
761 1076 858 1152 primo
881 1076 961 1135 enim
984 1094 1054 1136 vere
1075 1070 1144 1130 huius
1175 1058 1180 1167 j

97 1176 249 1262 pullulant
270 1188 368 1260 flores,
390 1187 442 1244 sed
464 1207 534 1246 mox
557 1186 654 1245 subito
671 1187 812 1246 decidunt
830 1188 987 1266 nudusque
1004 1190 1062 1244 stat
1081 1189 1144 1242 trun·
1174 1170 1180 1255 l

97 1318 157 1357 cus.
200 1297 360 1372 imaginem
382 1299 475 1356 habes
497 1298 614 1374 puellae
637 1303 751 1358 mature
773 1298 916 1371 amantis,
947 1299 1000 1356 sed
1029 1299 1065 1354 ab
1085 1311 1144 1352 ana-
1168 1360 1173 1369 ι

92 1414 158 1468 tore
179 1408 308 1487 turpiter
322 1409 471 1485 deceptae,
494 1409 742 1471 venustissimam.
786 1410 852 1470 iure
874 1409 968 1484 igitur
990 1403 1144 1468 exclamarit

94 1519 229 1579 imitator
249 1523 417 1580 Romanus:

199 1631 312 1708 perfide
335 1631 530 1709 Demophoon
553 1636 583 1690 et
605 1651 684 1691 nunc
706 1633 841 1691 deflende
863 1631 980 1709 puellae
993 1629 1060 1709 ⁵⁸)!

179 1742 266 1800 Haud
291 1742 352 1802 scio
375 1762 412 1800 an
435 1744 583 1817 elegantia
598 1744 785 1820 superaverit
806 1743 832 1802 is
855 1744 907 1823 qui
922 1743 1074 1802 Battiadae
1093 1755 1143 1798 nar·

13 1839 16 1845 ’
94 1855 203 1914 rationi
226 1866 335 1914 novam
356 1855 563 1931 superstruxit.
608 1854 750 1914 nimirum
765 1874 853 1929 aegre
875 1854 947 1914 tulit
968 1859 1065 1933 poeta,
1084 1849 1145 1931 quis-

94 1966 161 2046 quis
183 1967 256 2038 fuit,
288 1965 431 2025 delicatus
453 1965 671 2043 Demophontis
701 1966 800 2025 animo
824 1967 913 2044 plane
941 1966 1083 2041 excidisse
1100 1979 1144 2022 ma·

92 2078 216 2137 moriam
247 2077 382 2150 coniugis
405 2077 634 2137 amantissimae.
679 2079 758 2157 quod
781 2098 833 2137 suo
863 2079 988 2138 invento
1011 2077 1086 2136 haud
1104 2069 1143 2132 ni·

94 2297 180 2346 stituta
197 2297 337 2359 Phyllidem
356 2297 461 2346 noviens
479 2299 511 2344 ad
529 2298 588 2345 litus
606 2298 750 2346 cucurrisse.
787 2299 834 2346 hac
851 2299 877 2345 in
895 2313 922 2346 re
939 2299 996 2360 plus
1014 2300 1078 2345 valet
1092 2289 1141 2342 tasti-

94 2385 205 2430 monium
223 2383 309 2430 Ovidii
326 2384 427 2431 Remed.
452 2384 467 2429 l.
488 2383 505 2428 1.
524 2388 549 2430 at
576 2398 725 2443 exaggerare
742 2384 803 2430 mihi
821 2384 861 2432 hic
878 2385 992 2445 videtur,
1017 2398 1070 2431 cum
1084 2376 1142 2437 Phyl-

93 2471 170 2518 lidem
189 2469 265 2516 faciat
282 2469 443 2517 scribentem:

194 2568 288 2603 cornua
305 2569 360 2601 cum
378 2555 452 2601 lunae
468 2555 542 2614 pleno
562 2555 638 2602 semel
656 2554 716 2602 orbs
734 2556 848 2615 coissent,

228 2640 353 2688 littoribus
371 2640 462 2688 nostris
479 2654 572 2687 ancora
589 2644 664 2700 pacta
680 2645 724 2687 tua
741 2647 786 2689 est.

190 2726 269 2773 luna
286 2731 404 2786 quater
421 2726 539 2784 latuit,
558 2731 630 2773 toto
648 2731 763 2786 quater
779 2727 858 2774 orbe
875 2727 1042 2786 recrevit,

226 2826 272 2859 nec
289 2812 358 2859 vehit
374 2811 481 2860 Actaeas
500 2811 610 2859 Sithonis
627 2812 695 2859 unda
712 2816 786 2861 rates.

88 2897 162 2946 etiam
181 2897 301 2945 derivatio
313 2897 420 2944 nominis
432 2893 528 2962 φύλλου
541 2912 556 2942 a
567 2897 683 2957 Phyllide
701 2899 889 2957 grammaticum
901 2898 974 2959 sapit,
993 2913 1043 2946 non
1053 2894 1139 2959 poetam?
1152 2952 1156 2959 Ι

159 2984 202 3044 58)
221 2984 293 3031 codd.
317 2981 428 3046 ‘puellas'
453 2989 496 3030 aut
520 2981 651 3046 puellam&
691 2983 773 3044 recepi
805 2984 949 3032 facillimam
975 2969 1161 3032 Wilamouitdi·

89 3069 292 3117 emandationem.
328 3073 409 3116 catera
433 3072 471 3116 tot
494 3069 606 3116 virorum
630 3070 758 3116 doctorum
783 3070 921 3117 coniunctis
945 3069 1043 3119 viribus
1059 3063 1162 3116 enlm·

90 3159 200 3203 correcta
218 3158 282 3203 sunt.
302 3180 336 3190 —
359 3154 499 3201 consimilia
524 3154 555 3201 de
581 3154 712 3202 arboribus
740 3156 766 3201 in
790 3157 885 3202 tumulo
908 3145 1041 3204 Protesilai
1061 3144 1140 3201 ualui

88 3242 219 3301 Philippus
237 3241 266 3287 A.
281 3240 309 3286 P.
329 3240 378 3286 VH
396 3241 453 3286 385.
494 3239 616 3299 Antiphil.
634 3239 669 3286 ib.
691 3243 747 3288 141.
781 3255 811 3288 ax
828 3242 891 3300 hoc,
918 3241 945 3288 ni
963 3241 1050 3301 fallor,
1074 3234 1139 3298 Quini*

89 3328 173 3375 Posth.
193 3328 242 3373 VII
259 3327 309 3374 408
320 3340 373 3386 sqq.
395 3325 461 3372 Plin.
479 3327 513 3372 H.
524 3326 556 3374 N.
575 3326 636 3372 XVI
648 3327 706 3374 238.
733 3326 851 3375 Philostr.
869 3328 929 3376 Har.
947 3327 986 3374 111
1005 3331 1028 3375 1.
1061 3331 1139 3383 exgtf·

87 3413 191 3460 manicis
208 3425 305 3472 quoque
328 3411 420 3458 fabulis
446 3411 512 3458 haud
536 3425 615 3471 pauca
640 3413 779 3471 comparari
803 3418 916 3472 possunt.
950 3412 981 3460 cf.
1002 3426 1062 3473 qnae
1077 3402 1140 3459 attuit

88 3498 192 3545 Iacobus
206 3486 340 3544 Grimmius
352 3496 421 3559 ‘iiber
434 3497 608 3544 franennamen
621 3511 666 3544 aus
679 3497 787 3544 blumen’
806 3497 851 3562 (kl.
863 3497 956 3545 schrift.
969 3498 996 3545 II
1008 3513 1032 3560 p.
1045 3499 1089 3548 379
1097 3484 1139 3554 till·
1154 3529 1159 3539 ·

88 3584 185 3644 egregie
201 3584 258 3629 ille:
286 3595 319 3645 ‘es
342 3581 376 3629 ist
400 3582 440 3629 die
457 3582 522 3630 liebe
546 3583 665 3630 eusdem
690 3583 740 3630 leib
757 3584 800 3630 der
818 3582 968 3632 sterbcnden
985 3584 1108 3632 menschen
1121 3575 1157 3620 ἰδ’

88 3670 135 3717 den
153 3669 202 3716 salt
219 3668 262 3715 der
280 3667 393 3727 pflanzen
410 3671 520 3728 getreten
538 3667 587 3714 und
605 3668 680 3716 treibt
697 3684 748 3716 uun
766 3670 798 3716 da
815 3670 860 3716 auf
875 3669 985 3718 dieselbe
1002 3669 1055 3717 art’
1085 3648 1160 3727 plns

88 3755 163 3802 didici
189 3769 218 3801 ex
241 3754 370 3813 praeclara
387 3753 555 3800 Kobersteinii
580 3753 753 3801 dissertatione
778 3755 846 3817 ‘iiber
864 3754 904 3802 die
921 3757 1074 3815 vorstelluug
1088 3743 1138 3797 gd

86 3840 207 3889 fortlaben
229 3839 409 3886 mensohlioher
428 3840 511 3886 scalen
534 3839 560 3884 in
585 3840 628 3886 der
652 3840 840 3899 pflanaeuwelt’.
867 3826 1139 3905 (Weimurarjthrbl1

87 3942 111 3987 p.
128 3929 157 3973 72
171 3922 237 3987 sqq.)
254 3925 306 3971 iure
324 3924 426 3971 laudata
443 3939 458 3970 a
470 3922 646 3971 Mannhardtio
665 3925 748 3988 ‘wald-
762 3927 812 3973 und
824 3926 948 3974 feldculte'
967 3933 984 3973 t.
997 3927 1009 3973 I
1020 3941 1044 3986 p.
1058 3929 1087 3982 3..
1108 3910 1140 3977 qui

88 4011 210 4071 Phyllidis
227 4010 467 4056 transformationem
485 4025 540 4056 cum
558 4010 613 4057 aliis
637 4013 774 4072 composuit
800 4016 817 4058 t.
835 4013 861 4059 II
878 4028 902 4073 p.
921 4016 952 4060 21
966 4027 1003 4073 sq.
1019 4013 1051 4058 Μ.
1068 4007 1139 4058 librum

88 4096 210 4143 indicavit
227 4095 287 4141 mihi
305 4096 364 4142 olim
382 4095 604 4144 Reifferscheidius.
