2504 4656
236 425 363 483 Restant
384 442 459 501 qnae
481 424 652 482 Athenaeus
673 422 706 481 in
727 425 786 483 fine
808 423 944 483 exhibet:
967 419 1102 503 γενέσθαι
1126 420 1156 483 δὲ
1182 419 1227 482 λε’-

150 556 193 615 yes
216 534 266 610 (se.
285 532 391 611 Boeus)
415 528 445 604 ἐξ
467 524 558 610 αὐτῆς
580 529 630 590 uel
652 525 880 608 Νικοδάμαντος
902 526 956 612 τὴν
977 533 1117 613 χερσαίαν
1140 529 1225 611 χελώ-

152 666 214 722 νην.
266 645 339 704 haee
371 664 464 723 prava
494 644 673 720 excerpendi
703 645 941 725 breviloquentia
973 648 1045 706 adeo
1079 650 1228 706 contracta

151 761 235 830 sunt,
264 760 298 815 nt
327 775 415 816 sensu
444 760 570 816 careant
620 755 760 816 nimirum
789 761 876 834 poeta
907 757 985 817 dixit
1014 757 1105 816 filiam
1137 757 1228 817 fnisse

152 869 284 928 Ceranae
312 867 396 927 adis
425 867 524 928 nescio
548 886 606 946 qua
634 868 670 926 de
700 888 787 928 eausa
807 867 839 928 in
861 868 1039 928 testudinem
1059 873 1227 929 terrestrem

154 980 390 1056 transfiguratam
402 979 461 1057 1⁰).

223 1112 265 1180 10)
283 1128 423 1175 quanquam
440 1114 578 1175 paullulum
601 1113 662 1162 lueis
681 1114 770 1175 accipit
791 1128 821 1161 ex
840 1116 943 1163 vetustis
962 1117 1060 1165 scholiis
1079 1118 1227 1177 Vergilianis

154 1202 219 1264 apud
237 1200 351 1249 Servium
369 1201 400 1247 ad
416 1200 480 1248 Aen.
500 1201 513 1247 1
531 1202 580 1249 505
607 1201 676 1262 (hinc
693 1201 770 1262 Myth.
786 1200 843 1250 Vat.
862 1202 944 1252 1101.
970 1202 1060 1267 1167.)
1174 1205 1228 1265 ,hoo

154 1303 213 1336 sane
225 1301 303 1348 genus
317 1285 425 1333 fabricae
443 1283 600 1349 (testudinem
613 1286 680 1346 dicit)
697 1286 728 1333 ab
741 1287 853 1334 animalis
864 1286 1029 1346 similitudine,
1048 1303 1111 1347 quae
1131 1290 1228 1335 testudo

154 1379 270 1431 vocatur,
297 1375 396 1432 captum
413 1375 457 1418 est
493 1371 523 1419 de
541 1385 589 1430 quo
615 1370 700 1418 fabula
727 1373 784 1419 talis
808 1377 853 1420 est.
889 1373 967 1433 Virgo
985 1375 1104 1432 quaedam
1130 1375 1229 1420 nomine

155 1461 265 1509 Chelone
282 1459 380 1519 linguae
398 1457 540 1518 inpatientia
558 1456 610 1503 fuit.
638 1471 725 1503 verum
741 1471 797 1504 cum
808 1458 919 1519 Iuppiter
932 1460 1052 1506 Iunonem
1070 1459 1118 1506 sihi
1136 1460 1228 1520 nuptiis
1243 1448 1246 1455 ¹

154 1547 274 1606 iungeret,
292 1531 418 1605 praecepit
435 1543 570 1604 Mercurio,
589 1546 616 1607 ut
634 1557 719 1590 omnes
737 1544 796 1590 daos
815 1549 839 1592 et
856 1545 968 1593 homines
986 1551 1059 1606 atque
1078 1547 1159 1593 omnia
1177 1548 1228 1593 ani·

154 1633 228 1681 melia
244 1631 276 1678 ad
293 1629 391 1690 nuptias
409 1633 564 1676 convocaret.
595 1629 638 1676 sed
651 1628 764 1677 omnibus
776 1644 837 1689 quos
846 1631 982 1679 Mercurius
994 1636 1122 1679 monuerat
1140 1647 1229 1678 conve-

154 1716 286 1775 nientihus‚
305 1716 357 1763 sola
369 1715 485 1773 Chelone,
503 1714 608 1762 irridens
626 1720 650 1762 et
667 1716 790 1776 derogans
808 1718 906 1777 nuptiis,
925 1723 1026 1766 nectens
1044 1732 1125 1765 moras
1143 1719 1229 1765 adesse

154 1802 307 1862 contempsit
342 1815 415 1861 quam
432 1815 487 1847 cum
505 1801 640 1847 Mercurius
657 1815 707 1848 non
725 1802 824 1849 venisse
842 1805 987 1862 notavisset,
1006 1804 1085 1851 denuo
1104 1805 1230 1852 deseendit

156 1890 187 1938 ad
205 1895 284 1938 terras
301 1891 325 1935 et
342 1887 416 1936 aedes
429 1886 552 1935 Chelones
570 1901 644 1948 snpra
662 1888 764 1935 fluvium
782 1888 875 1949 positas
894 1891 1069 1950 praecipitavit
1084 1891 1110 1936 in
1128 1891 1230 1938 fluvium

156 1979 284 2038 ipsamque
302 1971 429 2020 Chelonen
456 1972 482 2019 in
500 1973 590 2020 animal
608 1974 645 2020 sni
662 1973 767 2020 nominis
785 1975 875 2034 vertit,
902 1989 974 2034 quam
992 1991 1037 2023 nos
1054 1977 1137 2022 Latini
1155 1980 1230 2022 testu-

156 2063 238 2110 dinem
256 2059 373 2117 dieimue,
401 2058 519 2117 fecitque,
545 2063 572 2105 nt
589 2073 634 2119 pro
653 2072 733 2118 poena
749 2059 822 2106 dorso
847 2063 937 2107 tectum
954 2062 1024 2107 velut
1041 2060 1139 2107 domum
1159 2075 1228 2107 suam

157 2161 236 2210 prona
253 2149 376 2207 portaret:
395 2144 459 2190 uude
476 2144 612 2191 incurvatis
629 2144 745 2190 aedificiis
757 2144 804 2191 hoc
821 2158 910 2192 nomen
922 2145 1055 2205 inpositum
1068 2148 1122 2193 est’.
1150 2152 1229 2192 trans·

155 2231 308 2295 figurationis
326 2231 455 2290 tingendas
473 2243 557 2277 ansam
575 2229 689 2289 praebuit
706 2229 791 2276 fabula
807 2230 920 2290 Aesopea
940 2232 988 2279 154
1007 2231 1147 2291 ed.Halm.‚
1166 2232 1229 2277 indi-

157 2325 212 2368 eata
229 2318 288 2366 mihi
307 2331 322 2364 a
340 2316 543 2375 Wilamovvitzio,
565 2315 608 2362 ubi
626 2316 656 2362 de
674 2316 753 2362 bestia
771 2311 870 2382 χελώνῃ
889 2316 953 2362 idem
970 2318 1089 2376 legimus,
1107 2319 1172 2375 quod
1190 2319 1230 2364 hic

157 2408 187 2454 de
205 2399 313 2468 Χελώνῃ
332 2401 435 2461 virgine.
463 2402 584 2468 'agnoscis
602 2402 725 2448 saeculum
744 2401 876 2448 diversum.
911 2402 976 2461 quod
1002 2403 1022 2449 si
1040 2403 1095 2461 quis
1114 2402 1227 2449 Geranae

157 2493 232 2540 tiliam
252 2488 377 2536 Chelonen
395 2491 519 2534 maternae
538 2486 630 2533 scilieet
646 2486 792 2533 insolentiae
809 2487 953 2547 participem
970 2489 996 2534 in
1014 2489 1104 2535 animal
1122 2490 1229 2536 eiusdem

157 2575 263 2626 nominis
280 2587 425 2622 conversam
443 2587 497 2620 esse
514 2572 641 2631 statuerit,
667 2587 713 2633 ego
731 2573 831 2620 minime
849 2574 1008 2635 refragahor,
1031 2590 1169 2634 quanquam
1187 2590 1230 2636 pa·

139 2690 140 2694 =
158 2678 213 2712 rum
230 2661 378 2722 proficimus.
404 2663 533 2718 praeterea
550 2671 638 2704 moneo
656 2658 686 2705 de
704 2658 813 2705 terrestri
831 2659 952 2706 testudine
964 2659 1058 2708 Boeum
1070 2661 1157 2721 egisse,
1175 2675 1230 2708 cum

158 2748 290 2809 aquatilem
306 2744 372 2792 hand
388 2748 451 2792 tecte
468 2744 589 2804 significet
605 2743 736 2791 scholiasta
755 2743 919 2804 Vergilianus.

226 2832 312 2891 ltaque
329 2829 390 2879 certi
407 2831 539 2890 quidquam
558 2844 587 2876 ex
605 2829 727 2877 Athenaei
750 2829 834 2878 verbis
856 2831 899 2877 vix
922 2831 1047 2891 elicueris,
1074 2846 1137 2890 quae
1154 2832 1231 2878 miror

157 2926 274 2979 tanquam
296 2917 393 2976 integra
417 2915 456 2963 bis
481 2916 642 2975 adlataesse
666 2930 682 2963 a
707 2916 814 2964 Ludolfo
832 2915 964 2978 Stephani,
990 2918 1032 2976 qui
1059 2933 1137 2979 nuper
1162 2922 1230 2965 vete-

158 3019 213 3052 rum
229 3004 259 3051 de
274 3002 406 3063 Pygmaeis
422 3001 561 3049 testimonia
578 3001 648 3060 larga
665 3015 739 3048 manu
756 3003 879 3062 congessit
902 2999 1023 3068 (Campis
1047 3003 1132 3050 rendu'
1156 3005 1229 3051 1865.

73 3092 76 3097 ’
159 3107 182 3152 p.
194 3091 226 3136 99
246 3094 270 3137 et
284 3085 360 3154 122).
386 3092 411 3135 at
428 3088 493 3134 idem
504 3087 684 3148 Pygmaeorum
702 3087 802 3147 reginae
820 3089 926 3136 nominis
943 3089 1110 3137 diversitatem
1128 3088 1231 3136 miratus

161 3174 285 3236 explicare
303 3177 404 3221 conatus
421 3188 471 3220 non
488 3176 533 3221 est.
553 3199 586 3208 -—
621 3177 728 3220 ceterum
753 3173 813 3220 haee
834 3188 884 3221 uns
901 3178 994 3221 tantum
1012 3189 1025 3221 e
1043 3175 1114 3234 eopia
1131 3174 1232 3221 fabella-

160 3276 215 3310 rum
231 3260 457 3318 remotissimarum,
477 3272 537 3317 quas
556 3263 580 3305 et
592 3257 693 3306 Servius
712 3263 736 3306 et
754 3259 846 3307 scholia
864 3260 906 3306 ilia
922 3260 1054 3308 memoriae
1070 3261 1231 3309 tradiderunt.

160 3346 273 3409 persuasi
290 3345 351 3392 mihi
368 3358 453 3391 omnes
471 3358 501 3392 ex
518 3344 760 3391 transformationem
783 3344 925 3391 collectione
943 3359 958 3391 a
975 3345 1029 3393 viro
1047 3346 1117 3393 docto
1136 3345 1231 3394 Graeco

160 3432 271 3481 confecta
289 3430 429 3491 desumptas
447 3445 508 3477 esse.
544 3431 691 3490 praevalent
707 3430 833 3477 hominum
858 3430 1006 3479 mutationes
1023 3432 1049 3477 in
1066 3432 1139 3479 flores
1157 3433 1229 3479 arho-

161 3532 249 3577 resque
266 3515 374 3564 maxima
391 3519 505 3575 exparte
523 3515 666 3562 recentioris
684 3515 799 3575 originis,
818 3515 882 3562 inter
897 3529 958 3573 quas
976 3517 1048 3564 valde
1065 3518 1232 3565 memorabilis

159 3603 241 3663 lepida
257 3602 301 3648 illa
318 3601 348 3648 de
366 3599 466 3647 Calamo
484 3599 621 3660 Carpoque‚
640 3614 702 3660 quae
719 3601 745 3647 in
762 3601 874 3660 pauculis
891 3602 988 3649 variata
1005 3602 1068 3649 redit
1085 3604 1150 3662 apud
1162 3605 1229 3650 Non·

160 3703 219 3736 num
236 3688 340 3748 Dionys.
358 3687 395 3733 XI
413 3687 462 3736 370
475 3700 527 3746 sqq.
554 3701 584 3734 ex
603 3686 688 3734 eadem
705 3687 792 3746 opinor
809 3688 951 3735 collectione
975 3688 1069 3736 hausta.
1106 3686 1181 3754 (errat
1198 3690 1228 3736 R.

160 3774 269 3823 Kochler
287 3773 355 3837 ,iiber
372 3773 411 3820 die
428 3773 502 3820 Dion,
521 3773 564 3820 des
582 3772 671 3820 Noun!
688 3787 713 3832 p.
726 3771 820 3836 26.)-
839 3774 952 3834 denique,
971 3788 1002 3820 ne
1020 3775 1079 3833 quid
1096 3776 1175 3823 sciens
1193 3777 1230 3823 vi-

161 3861 220 3910 dear
237 3859 377 3916 reticuisse,
404 3858 486 3917 aquila
502 3859 598 3906 testudo
626 3859 681 3906 avis
703 3859 818 3919 palustris
845 3859 899 3906 sive
927 3860 1028 3908 ardeola
1046 3865 1083 3907 est
1100 3861 1153 3908 sive
1172 3877 1231 3921 grus

160 3950 358 4007 repraesentatae
376 3950 433 3992 sunt
451 3945 476 3990 in
495 3944 644 4004 anaglypho,
670 3945 736 4002 quod
754 3959 784 3991 er
808 3945 904 3994 schedis
921 3945 1006 3992 Matzii
1024 3946 1099 3994 edidit
1112 3948 1231 3996 Wilamo-

162 4031 257 4078 vritzius
274 4032 300 4077 in
319 4033 474 4091 ephemeride
491 4031 686 4091 Archaeologica
703 4046 725 4079 a.
745 4034 818 4081 1875.
836 4047 861 4092 p.
877 4035 907 4082 18
919 4047 972 4093 sqq.
990 4034 1040 4081 tab.
1053 4038 1077 4082 4.
1112 4036 1171 4082 satis
1188 4037 1231 4083 ha·

161 4118 204 4166 bui
221 4118 267 4165 hoc
284 4117 413 4178 indicasse,
432 4131 488 4165 cum
499 4117 557 4176 qnid
574 4116 667 4166 bestiam
684 4117 744 4167 illae
763 4117 809 4167 sibi
826 4118 907 4167 velint
923 4119 983 4169 mihi
1000 4121 1108 4169 nondum
1126 4127 1229 4173 constet.
