2504 4656
464 300 675 368 ..55-

119 452 258 538 Ascalabi
280 457 568 532 transfigurationem
590 460 671 539 (met.
695 460 722 518 V
746 464 805 520 446
822 460 916 540 sqq.),
946 460 973 521 si
994 482 1112 539 compa·

39 562 147 624 raveris
169 585 235 624 oum
257 567 409 628 Antonino
432 591 455 630 c.
480 576 529 646 24,
553 571 740 631 confiteberis
762 571 886 632 fluxisse
909 591 926 631 e
947 573 1106 646 Nicandro,

39 695 123 755 quem
145 676 203 736 iam
225 684 311 738 retus
334 686 485 741 enarrator
507 682 651 756 adhibuit,
673 687 707 743 ut
728 703 835 743 nomen
858 702 931 744 anus
952 682 1108 762 hospitalis

39 786 194 847 aNasone
217 790 349 851 consulto
380 792 519 853 omissum
548 794 752 874 expleretlss).
795 794 827 853 in
848 794 992 871 Meleagri
1014 794 1114 854 fabula

38 901 181 959 narranda
204 901 356 979 Euripidis
378 905 559 980 Meleagrum
582 925 641 965 una
663 926 728 964 cum
750 905 898 966 Nicandro
921 907 1005 984 (Ant.
1027 905 1059 983 2)
1080 904 1113 964 in
1177 888 1211 899 ’Ν

37 1029 120 1069 usum
142 1031 228 1071 suum
252 1014 408 1074 convertit.
452 1016 646 1075 Galanthidos
663 1016 763 1076 fabula
784 1017 815 1075 in
831 1017 966 1096 pauculis
983 1016 1111 1090 aliunde,
1173 1052 1211 1085 ,.·

36 1125 69 1181 ut
83 1122 158 1181 mihi
173 1123 300 1197 videtur,
317 1125 453 1203 repetitis
472 1127 619 1204 discrepat
637 1126 717 1203 (met.
727 1128 775 1186 IX
785 1133 862 1201 2813
879 1130 914 1190 ol.
926 1131 1036 1187 Anton.
1049 1127 1112 1206 29).

37 1232 80 1293 ibi
101 1234 205 1314 ,Ninos
225 1234 333 1312 patres’
355 1270 398 1280 -
420 1236 462 1297 sic
485 1238 563 1297 enirn
586 1239 735 1315 praeclara
759 1239 929 1300 emendavit
948 1236 1111 1298 Merkelius

36 1366 64 1405 v.
88 1336 149 1404 294
176 1348 288 1406 frustra
313 1355 498 1425 repugnante
525 1349 639 1409 Kornio
662 1383 704 1394 -
726 1350 789 1410 loco
814 1352 946 1430 Μοιρῶν
973 1348 1110 1411 variandi

36 1476 122 1517 causa
144 1477 160 1517 e
181 1478 262 1518 more
283 1459 379 1536 patrio
402 1458 575 1539 intulit77).
595 1460 597 1465 ’
620 1463 671 1520 sed
693 1468 855 1522 memoratu
885 1464 973 1538 longe
996 1459 1108 1537 dignis·

37 1566 109 1647 sima
132 1572 177 1657 est
198 1570 299 1630 fabula
320 1574 388 1630 met.
405 1571 452 1629 IX
471 1576 532 1631 666
549 1593 615 1652 sqq.
638 1577 770 1646 narrata,
793 1594 868 1653 quae
890 1573 1023 1651 exceptis
1044 1591 1111 1649 per·
1188 1564 1191 1569 ’

36 1698 173 1739 sonarum
195 1680 364 1741 nominibus
386 1682 492 1742 mirum
514 1683 547 1743 in
569 1685 687 1743 modurn
710 1685 846 1761 congruit
874 1705 940 1744 cum
962 1684 1110 1743 Nicandro
1161 1724 1165 1789 ἰ

36 1810 81 1867 op.
106 1794 217 1851 Anton.
245 1794 280 1852 17
294 1794 352 1872 78).
398 1794 544 1854 Antonini
566 1801 664 1855 autem
693 1795 892 1857 narrationem
914 1794 1037 1855 immani
1058 1795 1109 1853 dc·

34 1902 188 1962 formatam
213 1924 276 1964 csse
298 1904 382 1965 hiatu
404 1904 468 1966 sire
491 1911 610 1982 stupore
632 1907 725 1985 ipsius
742 1907 894 1985 scriptoris
912 1906 975 1966 sive
993 1902 1108 1964 librarii
1147 1922 1154 1935 ’

36 2012 192 2075 oscitantia
214 2016 250 2075 ad
272 2017 351 2076 hunc
374 2038 467 2097 usque
489 2017 568 2076 diem
589 2017 737 2078 neminem
756 2018 998 2078 animadvertisse
1014 2035 1109 2094 paene

35 2124 211 2186 incredibile
234 2133 286 2187 est.
330 2128 444 2188 scilicet
465 2131 556 2189 verba
577 2129 738 2189 novissima
760 2124 888 2207 νόμιμον
918 2123 946 2187 d’
972 2122 1050 2187 ἐστὶν
1071 2122 1108 2185 ἐν

35 2239 115 2307 τοῖς
144 2231 284 2317 γάμοις
306 2233 452 2319 πρότερον
475 2238 712 2318 angustiaretur
745 2234 827 2321 παροὶ
850 2232 882 2300 τό
907 2233 1022 2318 ἄγαλμα
1053 2238 1106 2296 τοῦ

37 2347 217 2409 Λευκίππου
248 2350 328 2411 nullo
351 2350 471 2410 vinculo
502 2371 567 2410 cnm
595 2352 840 2428 praecedentibus
869 2334 985 2412 conexa
1012 2349 1107 2408 lucem

35 2478 73 2517 ox
96 2459 204 2520 Ovidio
227 2462 288 2520 solo
317 2461 481 2538 accipiunt,
514 2461 565 2521 ubi
593 2463 752 2540 nuptiae
780 2462 899 2541 Iphidis
927 2466 957 2522 et
984 2461 1106 2521 Ianthes

34 2571 170 2646 pluribus
193 2578 382 2632 exornantur.
427 2575 479 2632 has
501 2594 572 2633 vero
595 2574 731 2651 nuptias,
763 2594 869 2651 nempe
891 2573 1040 2634 cardinem
1062 2576 1106 2631 to·

33 2680 93 2740 tius
115 2682 273 2756 historiae,
303 2685 413 2744 frustra
435 2704 557 2764 quaeres
579 2686 657 2761 apud
680 2685 873 2745 Antoninum.
916 2686 1106 2744 admonemur

32 2794 89 2853 hoc
113 2796 263 2871 exemplo,
285 2816 400 2872 semper
422 2799 456 2855 ut
477 2814 590 2854 summa
611 2815 677 2853 cum
699 2796 834 2855 cautione
860 2800 977 2855 utamur
1001 2793 1105 2853 collec-

32 2904 114 2964 tione
136 2905 189 2964 illa
211 2906 311 2966 multis
334 2907 428 2966 modis
450 2925 553 2964 manca
575 2909 664 2984 atque
687 2905 832 2967 lacunosa.
867 2905 973 2966 iamsi
995 2903 1104 2962 Nican-

35 3016 88 3075 dro
111 3016 201 3075 tacite
224 3017 388 3077 reddideris
412 3018 492 3097 quod
513 3015 577 3076 sine
594 3015 684 3075 dubio
699 3017 882 3090 memoravit,
905 3015 1103 3076 narrationem

31 3127 108 3186 male
132 3127 338 3188 cohaerentem
360 3135 431 3189 tunc
447 3129 575 3209 denique
597 3129 712 3206 patebit
734 3129 838 3190 ordine
859 3130 1026 3206 procedere.
1061 3127 1100 3186 si-

101 3297 145 3360 76)
163 3298 231 3345 Lact.
251 3299 317 3346 Plac.
339 3299 371 3363 (V
392 3303 430 3359 7):
460 3298 542 3362 ,Ceres
565 3313 620 3346 oum
643 3299 728 3346 orbem
754 3305 874 3346 terrarum
891 3302 1048 3360 peragrasset
1064 3311 1102 3344 re·

30 3382 132 3442 quirens
149 3385 225 3431 filiam
243 3386 417 3446 Proserpinam
435 3390 504 3433 aestu
521 3385 613 3433 torrida
636 3386 668 3432 ad
684 3400 766 3432 oasam
782 3386 908 3433 cuiusdam
925 3399 987 3432 anus
1003 3383 1102 3432 nomine

28 3469 165 3517 Mismes
183 3470 297 3517 devenit!
331 3477 397 3518 recte
416 3471 446 3518 de
464 3472 511 3518 hac
528 3486 554 3518 re
573 3471 667 3518 monuit
683 3471 814 3518 Fdrsterus
835 3473 852 3518 l.
872 3472 889 3517 l.
908 3486 933 3531 p.
946 3472 987 3518 82.
1007 3470 1063 3517 adn.
1077 3471 1100 3516 2.

98 3557 142 3614 77)
160 3551 319 3614 Γαλανῐῖίδος
336 3571 424 3604 nomen
443 3560 529 3615 quater
546 3557 661 3603 restituas
678 3557 744 3616 apud
761 3556 891 3603 Libanium
907 3560 926 3604 t.
944 3555 981 3602 ΙΙΙ
997 3569 1022 3614 p.
1034 3556 1099 3602 1099

29 3640 131 3687 Reiske.
151 3639 241 3703 (Myth.
260 3640 303 3689 Gr.
322 3644 360 3689 ed.
373 3642 503 3689 Westorm.
515 3657 540 3702 p.
554 3640 626 3703 360);
645 3641 703 3688 libri
719 3634 916 3700 ’Auuluuttlboffi
942 3641 1007 3699 quod
1031 3639 1101 3686 nihili

30 3728 75 3773 est.
112 3725 221 3773 tabulam
239 3726 376 3775 subindicat
393 3727 456 3774 Plin.
474 3727 505 3775 N.
514 3726 547 3775 H.
566 3726 675 3773 XXVIII
688 3730 729 3776 59.
748 3728 818 3775 aliter
835 3728 899 3774 Ister
917 3740 956 3786 ap.
975 3726 1050 3773 schol.
1068 3724 1099 3772 V.

27 3810 101 3859 Hom.
120 3812 141 3857 'I
156 3813 204 3858 119
223 3818 248 3860 et
264 3813 363 3860 Aelian.
382 3813 412 3859 de
430 3817 479 3860 nat.
499 3827 539 3859 an.
557 3810 607 3858 XII
625 3812 649 3860 5.
685 3812 775 3859 similia
801 3810 831 3858 de
848 3811 974 3858 Historida
989 3810 1099 3859 Tiresiae

27 3898 78 3945 filia
97 3896 210 3945 Tbebani
234 3898 366 3946 commenti
391 3903 447 3945 sunt
471 3902 533 3945 teste
549 3897 673 3946 Pausania
696 3896 733 3944 IX
752 3900 793 3955 ll,
813 3899 836 3944 2.
871 3897 902 3944 of.
921 3897 960 3945 his
978 3896 1007 3944 da
1025 3896 1099 3945 rebus

27 3983 187 4031 Welekernnr
205 3984 239 4031 kl.
257 3984 351 4032 schrift.
368 3985 407 4032 III
424 3999 450 4044 p.
462 3986 512 4033 190
524 3998 577 4044 sqq.

98 4067 141 4133 ’18)
160 4070 207 4118 Isis
225 4085 268 4117 our
284 4084 330 4131 pro
348 4070 444 4117 Latona
462 4068 592 4117 substituta
610 4068 656 4128 sit,
674 4072 740 4117 recte
758 4068 864 4129 explicat
880 4068 1006 4127 Kornius,
1025 4080 1098 4128 quem

27 4155 102 4203 miror
120 4155 198 4204 Nixos
215 4156 275 4205 deos
293 4157 378 4205 eadem
396 4154 490 4203 ratione
508 4153 666 4217 explicandos
683 4168 817 4215 agnoscere
834 4153 949 4203 noluisse.
