2504 4656
496 251 711 315 ...37-

68 408 126 466 est.
170 405 196 464 is
219 405 315 477 enim,
346 403 460 464 etiamsi
490 405 626 465 naeniam
655 425 748 484 usque
775 405 812 463 ad
834 399 986 461 fastidium
1008 399 1145 458 decantat

66 518 106 576 de
129 520 228 594 spreto
244 536 341 577 amore
357 536 418 590 suo,
441 518 477 576 de
496 515 614 577 silentio
631 517 717 575 amiei
734 516 864 596 superbi,
886 520 923 578 (le
939 509 1143 588 ardentissimo

66 628 172 688 nuntii
194 627 356 703 desideria,
377 629 440 689 fere
462 627 570 688 nullibi
593 628 729 701 exhibet,
752 649 827 708 quae
849 631 1027 691 Callimaaho
1053 629 1141 707 digna

65 759 133 799 esse
156 739 255 819 aliqua
276 760 342 799 eum
364 739 462 817 speeie
484 739 549 799 veri
570 739 709 799 iudicaris
722 738 782 819 ⁵⁰).

152 852 193 911 Iu
213 851 273 921 fine
296 850 543 912 lamentationum
564 852 689 911 fortasse
710 851 770 910 fuit
790 853 896 928 fragm.
919 860 976 914 23:

483 952 541 1020 ἄλλ’
564 953 733 1031 ἐπακουοῦς

309 1065 367 1133 οὐκ
388 1070 468 1151 ἔσχεν

63 1185 146 1266 quod
168 1185 227 1244 iam
245 1185 408 1264 Diltheyus.
421 1186 457 1245 de
474 1186 545 1264 eye.
560 1206 588 1263 p.
608 1189 646 1245 88
664 1187 848 1263 comparavit
864 1207 931 1247 aum
947 1188 1001 1251 Or.
1019 1189 1139 1249 Remed.

63 1298 130 1357 597
181 1341 220 1357 ..
244 1340 250 1359 .
273 1297 420 1377 ,surdas
456 1277 601 1357 elamabat
632 1297 668 1355 ad
697 1293 808 1357 undas’.
863 1317 1032 1380 quanquam
1061 1302 1139 1360 hana

63 1408 268 1468 coniecturam
290 1408 391 1467 statim
406 1408 515 1467 abiecit
537 1408 573 1467 de
594 1408 660 1480 diis,
685 1409 736 1488 qui
752 1409 841 1470 alieni
864 1430 976 1471 rnorem
999 1432 1059 1471 non
1073 1433 1138 1487 ges·

63 1519 185 1593 sissent,
202 1519 303 1596 potius
318 1519 428 1579 dietum
443 1540 507 1579 esse
522 1519 693 1581 arbitratus.
738 1526 807 1580 utut
822 1541 852 1580 se
869 1542 917 1581 res
935 1523 1035 1597 habet,
1059 1528 1139 1583 uerte

61 1630 235 1709 Phyllidem
256 1632 349 1692 verba
370 1631 464 1706 magis
486 1632 592 1691 decent
615 1652 703 1712 quam
725 1632 901 1713 Cydippam,
931 1634 979 1692 eui
1001 1634 1139 1696 attribuit

59 1740 261 1803 thneiderus
277 1742 348 1803 call.
365 1745 406 1802 II.
425 1764 454 1820 p.
476 1747 534 1802 104
558 1735 595 1800 ἔτ’
615 1735 745 1812 insuaue
762 1745 886 1821 insuper
903 1745 1043 1806 seribens.
1073 1768 1136 1807 mu-

61 1852 230 1917 tenemini
245 1873 305 1915 non
320 1856 472 1933 probatur,
494 1873 564 1914 nam
579 1856 795 1930 grammaticus,
819 1855 870 1936 qui
884 1858 1012 1916 frustum
1027 1857 1136 1932 attulit,

52 1965 125 2044 ipse
139 1965 354 2043 interpretatus
371 1971 417 2024 est
435 1960 648 2035 ἐπακούοντας,
672 1999 712 2010 -
742 1967 870 2046 danique
886 1969 1037 2028 Rauehius
1049 1991 1078 2048 p.
1095 1970 1131 2029 71

61 2096 193 2158 aumqrre
214 2083 332 2141 sanutus
353 2077 551 2136 Schneiderus
574 2079 633 2137 hue
655 2081 780 2139 trahunt
800 2081 856 2155 trg.
879 2099 967 2142 anon.
993 2081 1048 2141 79:

84 2248 88 2253 ,
200 2190 253 2264 τῆς
275 2179 302 2249 ‹l’
323 2180 548 2265 ὀλοφυρομένης
570 2183 643 2265 ἄμφ’
669 2183 759 2267 ιἰχνύϊ
777 2188 900 2268 λείβεται
924 2183 1006 2249 αἰών.

63 2304 150 2361 extat
171 2300 204 2359 in
225 2301 323 2378 Etym.
347 2301 388 2358 M.
406 2321 434 2378 p.
458 2305 524 2374 182,
547 2307 574 2374 3,
602 2301 655 2360 ubi
676 2301 787 2376 legitur
809 2299 925 2378 εἴβεται.
965 2303 1154 2365 emendavit·

59 2411 235 2472 Meinekius
257 2411 345 2471 anull.
369 2413 456 2471 Alex.
479 2432 508 2489 p.
534 2417 602 2471 168.
647 2413 747 2474 neseio
778 2418 918 2473 annecte
941 2414 1131 2474 eonieeerint.

59 2523 136 2583 mihi
161 2523 288 2603 quidem,
311 2529 346 2582 ut
366 2524 459 2584 libere
481 2525 590 2599 fatear,
622 2545 683 2584 non
707 2525 778 2585 satis
800 2527 898 2604 planet
918 2545 1059 2606 praesens
1080 2524 1133 2585 at-

128 2820 173 2895 ⁵0)
192 2822 333 2871 dubitanter
349 2837 460 2884 propono
477 2822 538 2871 haee
555 2825 677 2884 paucula:
706 2825 778 2872 Proe.
796 2840 835 2886 ap.
853 2829 883 2874 4:
908 2823 952 2876 καὶ
968 2817 997 2877 ου’
1013 2823 1131 2877 τοσοῦτον

10 2966 13 2979 Ι
55 2892 175 2974 tippula
191 2903 220 2959 τό
239 2903 333 2972 παρόν,
358 2901 419 2959 ὅσον
437 2906 463 2959 αἱ
481 2906 524 2958 τοῦ
551 2905 682 2972 μέλλοντος
708 2905 809 2966 ἐλπίδες
835 2904 954 2960 ἐλύπουν·
981 2907 1129 2975 ἐλογιζόμην

10 3012 14 3057 ,¹
43 2979 123 3060 γάρ,
151 2987 194 3045 ὅτι
208 2989 243 3055 bn*
262 2992 354 3045 ἓᾶττον
377 2988 449 3058 η’μᾶς
476 2990 570 3059 οἰγήοῃ
593 2988 753 3045 καταλιπών·
779 2991 852 3045 τοῦτο
875 2990 904 3044 δὲ
921 2990 966 3044 καὶ
982 2992 1068 3060 γέγονε
1086 2993 1131 3047 καὶ

39 3073 165 3147 ,συμβὰν
176 3078 252 3130 λυπεῖ
266 3075 312 3129 καὶ
327 3071 469 3144 ἀποροῦμαι
486 3078 524 3146 τῷ
541 3073 682 3144 πράγματι,
710 3075 741 3129 οὐ
760 3074 790 3130 δὲ
807 3079 956 3143 φιλονεικεῖς
981 3075 1031 3131 ἐπὶ
1056 3085 1128 3145 μεῖ-

10 3182 12 3187 ·
55 3157 1128 3231 ζονη’μῖνέξάπτειντόνἔρωτακαὶπόρρωγενόμενος(οῐ.ερ.

53 3252 104 3301 18ι
123 3244 162 3301 ἔτι
178 3243 248 3314 παρὰ
265 3243 308 3300 τὸν
317 3246 408 3301 Νεῖλον
426 3247 517 3308 οἰκιῖςς
535 3245 571 3300 ἔτι
586 3248 726 3307 ποθοῦντας
743 3241 880 3316 inspirata
899 3245 925 3299 rt
940 3247 1056 3301 τοιοῦτον
1073 3247 1129 3302 εἰπέ

38 3329 225 3402 ‘perustam
251 3331 275 3386 et
292 3333 337 3399 μὲν
354 3330 403 3399 γὰρ
422 3333 468 3386 eta
483 3329 511 3385 ri
538 3330 631 3400 βράδος
656 3329 713 3385 ἐπὶ
737 3331 838 3385 πλέον
863 3329 943 3400 η’μῖν
969 3330 1127 3395 ἐξάπτειν

47 3415 128 3481 τὸν..
140 3415 268 3484 ἔρωτα,
293 3417 348 3471 teba
373 3414 406 3484 bri
426 3419 528 3479 καλῶς,
555 3415 591 3476 οἷς
609 3417 646 3477 εἰς
663 3410 739 3483 ἄκρον
757 3412 863 3484 ἀφῖκται
889 3415 933 3470 καὶ
950 3412 996 3470 οὐκ
1014 3413 1043 3472 ἂν
1061 3417 1127 3489 ἔχοις

49 3498 271 3571 intepretatum<
296 3502 333 3556 ἔτι
357 3502 395 3572 τῷ
422 3501 552 3570 πράγματι
577 3506 617 3570 (el.
636 3504 683 3553 Ov.
702 3520 724 3552 a.
743 3519 764 3551 a.
783 3505 808 3552 11
827 3501 896 3568 354.)
925 3541 930 3551 .
951 3542 955 3552 .
976 3542 981 3552 .
1000 3498 1055 3557 ἀλλ’
1073 3506 1127 3559 εἴθε

50 3585 103 3658 γάρ
115 3583 155 3648 τίς
167 3586 234 3640 θεῶν
245 3583 356 3654 εὐμενής
367 3584 429 3656 ἡμῖν
447 3587 541 3655 γένοιτο
559 3589 603 3641 καὶ
621 3587 650 3641 οὲ
668 3590 759 3642 θᾶττον
777 3585 814 3647 οἱς
830 3584 903 3656 ἡμᾶς
921 3578 1021 3648 αὖθις
1038 3587 1125 3657 ἐνέγ-

48 3691 113 3727 κοι.
149 3675 263 3735 agnoscis
280 3677 417 3724 hexametri
435 3677 585 3737 clausulam,
608 3677 672 3724 unde
690 3680 772 3723 tamen
790 3675 866 3722 velim
890 3691 921 3722 ne
939 3676 1042 3724 nimium
1059 3680 1126 3726 eolli-

49 3774 106 3823 με.
143 3775 182 3821 ap.
197 3762 227 3808 ⁷:
255 3751 314 3811 iser
333 3755 381 3825 γὰρ
398 3755 473 3810 τούπὶ
492 3757 532 3810 σοι
551 3758 678 3812 σιωπῶντι
694 3756 723 3811 τὸ
742 3758 789 3811 πᾶν
806 3754 868 3825 η’μῖν
888 3756 942 3817 ἔτος
959 3757 1014 3835 ἐστὶ
1031 3760 1126 3828 χειμών

48 3884 55 3895 .
77 3882 83 3892 .
103 3845 174 3896 ...τοῦ
191 3841 222 3898 δὲ
238 3841 328 3910 θέρους
352 3842 463 3897 λείπεται
487 3839 550 3909 ἡμῖν
575 3841 708 3910 δακρύειν,
735 3837 775 3896 ὅτι
794 3840 886 3909 μηδεὶς
907 3841 974 3909 παρὰ
994 3843 1034 3896 σοὶ
1053 3844 1127 3912 λόγος

46 3931 101 3984 τῶν
120 3927 243 3995 ἐραστῶν.
277 3934 307 3979 ef.
327 3947 365 3995 ap.
379 3934 427 3980 94:
446 3927 483 3982 ἔτι
501 3929 589 3999 οιγᾷςς
617 3927 655 3982 ἔτι
671 3929 721 3983 τῶν
739 3925 930 3994 ἀπερριμμένων
949 3924 1038 3994 ἦμεῖςς
1066 3926 1125 3984 οὐδέ

40 4031 84 4073 ,σε
105 4015 222 4068 παλαιῶν
243 4013 346 4080 ἐρώτων
372 4013 526 4082 instabiliter
543 4009 631 4077 ον’δένς
667 4018 697 4065 ef.
716 4032 779 4078 quaa
796 4032 820 4077 p.
836 4018 875 4064 33.
894 4017 924 4064 de
942 4017 989 4065 hnc
1004 4019 1059 4067 loeo
1076 4019 1124 4069 dis-

44 4102 146 4168 putavi.
181 4116 220 4163 ep.
237 4103 278 4150 43.
