2504 4656
459 261 707 328 .-25-

58 417 181 496 (eornm.
205 417 271 476 orit.
287 416 324 475 de
339 418 432 476 Anth.
450 419 508 496 Ip.
526 417 609 496 204),
632 415 804 478 Schneideri
827 413 907 474 enim
927 403 1133 486 Καλ[λίμαχος]

57 527 89 586 ὃ.
109 530 147 585 K.
166 529 272 588 merito
294 528 476 605 improbavit
490 529 649 609 Diltheyus
671 531 706 589 de
729 528 800 606 eyd.
823 548 852 604 p.
870 532 918 585 29.
941 522 1007 582 adn·
1029 524 1053 592 l,
1078 517 1134 577 θίῦἱ

59 640 264 717 corruptelam
286 640 374 701 aliter
394 641 607 718 expediendam
634 661 698 701 esse
719 640 776 700 sibi
801 639 920 702 ridetur
945 630 1134 714 persuasisse.

56 754 199 813 conferas
220 752 294 813 Stat.
317 771 346 814 r.
370 757 429 813 645
445 774 488 833 sq.

458 886 512 941 ego
536 887 608 940 sum,
632 867 682 946 qui
706 868 794 926 oaede
816 867 927 940 subegi,

345 978 475 1051 Phoebe,
499 983 583 1038 tuum
604 979 729 1067 mprtale
751 979 844 1038 nefas.

59 1095 163 1150 uetera
185 1108 260 1168 quae
283 1087 496 1149 deolamantem
518 1089 591 1149 feeit
608 1090 705 1151 virum
726 1090 816 1167 plena
833 1087 1034 1149 oontumaoiae
1047 1087 1132 1146 inau-

58 1202 151 1275 ditae,
173 1202 325 1260 rhetorem
347 1202 468 1278 sapiunt
489 1206 578 1280 atque
600 1201 705 1280 procul
732 1201 870 1261 habenda
896 1205 974 1259 sunt.
1019 1204 1049 1258 et
1071 1220 1132 1258 om·

10 1308 17 1397 '3
58 1313 136 1372 nino
165 1313 344 1372 deserendus
373 1319 419 1373 est
446 1333 543 1374 eomes
576 1319 678 1373 noster
709 1313 740 1372 in
762 1314 812 1375 via
841 1312 997 1373 admodum
1018 1312 1134 1371 ineerta
1163 1288 1170 1304 '

10 1480 23 1497 ,.
58 1425 299 1502 aoeeptissimus,
332 1446 398 1485 eum
427 1432 496 1503 post
518 1427 642 1488 Coroebi
664 1445 767 1505 preoes
790 1425 957 1503 opprobriis
984 1423 1132 1482 indecoris

58 1536 172 1597 mixtas
194 1539 269 1598 haee
291 1543 409 1598 tantum
431 1539 534 1601 addat:

554 1670 617 1710 sors
640 1669 735 1730 aequa
755 1655 903 1710 merentes

146 1761 278 1838 respioit.
322 1762 476 1822 ardentem
497 1764 596 1823 tenuit
617 1763 786 1825 reverentia
808 1762 905 1822 saedis

147 1873 305 1946 Letoiden,
327 1874 504 1954 tristemque
525 1874 591 1937 viro
616 1875 786 1934 summissus
808 1875 952 1934 honorem
1056 1943 1067 1970 ι

10 2060 12 2071 Ι
145 1984 274 2059 largitur
294 1985 383 2059 ritae,
408 1992 515 2047 ...at
535 1992 569 2047 tu
591 1986 749 2065 stupefaoti
772 2006 789 2046 a
809 1986 913 2047 limine
935 1986 1049 2047 Phoebi

10 2090 25 2127 '‘·
146 2100 286 2156 exoratus
309 2097 382 2158 abis.

19 2200 27 2281 ¹:
58 2208 144 2268 Iusto
162 2207 250 2267 eitius
268 2209 408 2268 adfinem
424 2210 559 2283 tetendit,
580 2209 683 2288 itaque
698 2210 810 2267 faotum
826 2212 880 2281 est,
894 2213 928 2266 ut
939 2209 1020 2266 haud
1038 2227 1131 2284 pauoa

59 2319 259 2380 Gallima'ehea
273 2321 515 2396 praetermiserit.
545 2321 595 2380 sed
615 2320 695 2379 felioi
719 2339 789 2378 oasu
811 2339 849 2379 ex
864 2319 1011 2378 Pausania
1032 2319 1131 2378 inatus

23 2428 29 2507 j
58 2431 241 2491 narrationis
273 2431 388 2508 expleri
418 2437 531 2510 potest:
562 2427 592 2501 ἐς
622 2427 675 2508 μὲν
698 2424 735 2507 δὴ
757 2423 789 2491 ιδ
804 2422 915 2511 ’Ἀργος
937 2424 1131 2509 ἀναστρέφειν

20 2520 28 2601 ,ἶ
59 2537 116 2602 oria
139 2539 188 2600 είοι
209 2534 360 2621 Κόροιβον
381 2535 403 2619 ἦ
428 2541 553 2616 Πυθία,
576 2541 702 2623 τρίποδα
725 2537 756 2601 δὲ
778 2536 928 2622 ἀράμενον
950 2537 1052 2621 φέρειν
1071 2537 1131 2602 ἐκί-

22 2628 26 2733 :
58 2654 141 2711 λενεν
163 2649 196 2713 ἐκ
219 2655 272 2712 τοῦ
295 2649 387 2732 ἱεροῦ,
409 2650 459 2712 καί
481 2651 556 2713 ἔνθα
579 2647 616 2714 tv
639 2650 747 2737 ἐκπέσῃ
771 2651 803 2713 οί
822 2649 944 2733 φέροντι
965 2645 1130 2733 ἆιρίπους,

60 2760 193 2824 ἐνταῦθα
213 2757 400 2835 ’Λπόλλωνος
422 2762 617 2842 οἰκοδομῆσαι
643 2758 718 2826 ναιίν
739 2763 790 2826 καὶ
812 2758 903 2826 οινίὁν
920 2761 1046 2842 οίιιῆσαι.
1079 2760 1131 2824 καὶ

22 2924 25 2929 .
59 2866 77 2936 ί
99 2873 223 2956 τρίπους
246 2869 321 2936 κατοί
342 2870 375 2936 ro
396 2868 467 2955 ι’ίρος
489 2871 542 2954 τὴν
558 2877 702 2958 Γερανίαν
724 2870 897 2938 οίπολισθοίν
914 2875 1022 2938 ἔλαθεν
1037 2871 1131 2936 αὐτοῦ

23 3016 26 3023 ·
58 2979 208 3048 ίιιπεσοίν·
231 2983 279 3047 καί
302 2987 519 3068 Τριποδίσκους
534 2981 639 3066 κοίμην
654 2987 786 3050 ἐνταῦθα
802 2987 920 3050 οίοιίσαι.
954 2991 1029 3050 haee
1051 2989 1132 3049 enim

23 3142 26 3151 ι
57 3099 197 3161 extitisse
217 3099 249 3158 in
265 3100 342 3160 Lino
359 3101 552 3161 oonfirmatur
571 3103 737 3176 fragmento
761 3108 779 3163 4
795 3122 841 3180 ap.
858 3104 959 3180 steph.
976 3103 1048 3180 Byr.
1064 3123 1086 3161 s.
1102 3120 1130 3163 r.

14 3268 18 3275 .
63 3208 277 3292 Τριποδίσκος·
323 3207 484 3288 ...κοίμη
506 3213 558 3288 τῆς
580 3211 800 3293 Marspiter..
847 3213 1030 3291 Καλλίμαχος
1052 3206 1078 3272 δ’
1099 3210 1131 3273 ἔν
1149 3227 1188 3275 xl

10 3338 13 3361 ³
55 3320 163 3383 αἰτίαν
193 3314 233 3400 [α’
252 3327 332 3382 reete
354 3324 521 3404 suppletur]
554 3317 640 3384 πόλιν
671 3316 763 3402 ανίἠν
793 3316 869 3385 εἶναί
891 3341 973 3403 φησι.
1028 3327 1131 3387 eodem

54 3427 259 3515 probabiliter
280 3436 374 3494 refert
395 3436 593 3495 Sohneiderus
615 3437 652 3496 fr.
680 3441 724 3495 14.
759 3431 944 3517 Ἀραχναῖον,
976 3431 1046 3518 ίίρος
1059 3431 1128 3520 ’'Ap-

53 3564 145 3627 γους·
170 3543 354 3622 Καλλίμαχος
377 3543 479 3605 αἰτίων
500 3540 616 3630 προίιρο.

144 3656 311 3716 Pausaniae
340 3659 543 3718 narrationem
573 3679 638 3718 oum
667 3679 761 3738 usque
792 3663 830 3720 ad
860 3662 950 3722 finem
980 3666 1129 3741 perseeuti

53 3770 166 3844 simus,
190 3767 302 3826 nemini
325 3769 433 3845 opinor
455 3769 577 3829 dubium
599 3771 671 3845 erit,
696 3772 768 3851 quin
790 3775 897 3833 hausta
914 3759 959 3832 'sit
982 3795 1020 3834 ex
1042 3776 1128 3836 Gelli·

53 3876 185 3943 inacho.¹
219 3899 290 3940 num
320 3880 418 3957 ipsum
449 3880 569 3955 legerit,
599 3882 714 3942 altioris
746 3889 792 3943 est
812 3885 1033 3964 indaginum).
1078 3887 1128 3946 sed

12 4056 25 4085 ·-
127 4042 173 4104 ³5)
198 4042 215 4089 1,
232 4040 293 4088 VIII
316 4042 357 4100 28,
377 4042 458 4102 bsqq.
483 4041 592 4090 fabulam
619 4043 649 4092 de
676 4044 758 4093 Diana
783 4040 961 4114 Ἀπαγχομὲνῃ
986 4052 1129 4097 narraturus

11 4178 25 4205 ,ι
53 4126 146 4191 irreipir
163 4124 367 4191 condyleatidem
392 4128 461 4193 prins
479 4129 591 4189 audisse,
619 4128 838 4200 μετονομασθῆναι
860 4127 889 4187 δὲ
906 4128 949 4186 ee
971 4129 1066 4204 αἰτίᾳ
1082 4128 1129 4202 τήν

10 4202 35 4251 p.

10 4254 82 4406 k,
