2504 4656
517 277 732 346 ..43-

91 434 162 512 quid
185 434 292 508 tragici
316 435 432 512 spirare
447 435 542 496 uisam
561 455 625 495 esse
644 435 726 494 illam
738 433 798 510 67).
842 434 945 495 attulit
968 455 1030 494 ana
1044 433 1155 493 Luciani

87 545 204 619 locum,
241 545 320 604 unde
351 546 410 605 iam
432 546 608 607 Welckerus
635 547 819 623 tragoediam
841 532 1012 624 Phyllidem
1036 545 1156 605 extitisse

89 657 211 731 collegit
228 656 327 734 (Trag.
346 678 374 734 p.
389 656 501 734 1222).
531 678 635 719 uerum
652 679 667 717 e
684 658 775 732 longa
789 657 959 718 fabularum
976 657 1065 730 serie,
1082 676 1156 736 quam

89 769 212 828 exhibet
235 768 383 847 sophista,
414 769 469 828 etsi
499 771 578 828 haud
608 789 716 847 paucas
746 789 764 828 a
794 769 917 844 tragicis
945 769 1155 833 concelebrate

89 879 183 938 fuisse
204 879 336 939 libenter
357 880 515 954 lergimur,
547 886 647 939 tamen
671 901 772 940 omues
795 879 1155 954 tragoediarumindolen
1188 958 1190 965 Ι

86 1010 158 1068 prae
188 1010 219 1049 se
249 992 329 1050 ferre
360 991 414 1051 vix
441 1011 475 1050 ac
504 1012 542 1050 ne
572 992 626 1053 vix
657 992 777 1072 quidem
800 991 958 1072 quisquam
988 992 1152 1053 adfirmabit
1181 982 1190 1035 ·¹

88 1103 171 1182 quod
194 1103 243 1164 vel
259 1102 395 1162 Rohdias
418 1105 573 1163 concessit
616 1104 719 1183 itaque
741 1105 885 1179 tragicam
900 1102 1072 1183 Phyllidem
1092 1102 1150 1163 mis·
1186 1138 1190 1147 ·

88 1233 150 1273 sam
170 1214 331 1293 faciamus;
363 1234 433 1274 nam
459 1235 476 1274 e
498 1215 624 1274 Taetaae
656 1216 792 1276 sordibus
814 1216 898 1275 nefas
921 1221 969 1276 est
990 1215 1150 1294 exsculpere
1185 1250 1189 1259 ·

89 1330 305 1400 argumentum.

1184 1396 1190 1511 t

371 1615 400 1680 3.
444 1615 493 1680 De
515 1613 700 1681 Callimachi
721 1615 878 1681 Branaho.
1183 1576 1190 1695 'l

174 1773 282 1832 Parum
298 1777 481 1851 compertum
496 1774 640 1833 habemus
656 1773 692 1830 de
705 1772 836 1832 carmine
852 1771 1063 1846 choriambico,
1085 1769 1151 1850 quod

89 1885 244 1943 Branchus
266 1884 326 1942 fuit
346 1884 532 1961 inscriptum.
579 1885 734 1945 exordium
764 1889 960 1944 servaverumt
982 1881 1151 1961 Hephaestio
1183 1870 1186 1875 ¹

44 2062 48 2067 ¹
88 2016 117 2073 p.
143 1995 181 2053 57
207 1995 265 2073 (ed.
289 2014 345 2054 sec.
370 1994 473 2072 (laist.)
497 2001 527 2054 et
548 1997 648 2074 Etym.
671 1997 712 2054 M.
734 2015 764 2072 p.
787 1995 859 2068 272,
882 2000 932 2055 44.
966 1997 1037 2073 (ftg.
1060 1993 1124 2070 36);
1188 2066 1190 2073 Ι

66 2094 71 2104 ’
91 2105 243 2182 Δαίμονες
258 2098 460 2183 εὐυμνότατοι,
487 2103 580 2182 Φοῖβέ
596 2125 625 2164 τε
648 2102 698 2164 καὶ
717 2106 785 2181 Ζεῦ,
808 2099 955 2183 Διδύμων
973 2100 1150 2186 γενάρχαθῧ).
1186 2116 1190 2127 “

88 2217 255 2296 plusculum
277 2218 459 2277 addiscimus
482 2239 521 2277 ex
542 2218 720 2277 Terentiano
744 2219 849 2278 Mauro
875 2223 955 2278 1885
979 2237 1061 2298 sqq.:

195 2351 251 2390 neo
274 2351 334 2390 non
360 2335 390 2389 et
411 2329 533 2389 memini
555 2328 680 2407 pedibus
703 2333 809 2408 quater
830 2328 879 2388 his
900 2329 1038 2406 repetitis

193 2444 337 2522 hymnum
359 2441 516 2500 Battiaden
539 2441 695 2499 Phoebo
718 2446 852 2500 cantasse
873 2441 1058 2522 Iovique,

193 2560 342 2631 pastorem
364 2553 535 2612 Branchum
558 2571 625 2612 cum
647 2559 750 2629 eaptus
771 2573 871 2613 amore
893 2553 1003 2631 pudico
1055 2540 1057 2545 ¹

194 2665 331 2725 fatidicas
353 2670 448 2724 sortes
472 2664 573 2723 docuit
594 2665 766 2740 depromere
789 2664 960 2743 Paeanw).
1188 2734 1190 2739 Ι

88 2778 169 2836 unde
200 2777 378 2836 amatorium
409 2776 528 2856 quidem
559 2775 651 2833 fuisse
672 2779 896 2848 argumentum,
928 2777 982 2835 sed
1003 2794 1021 2835 a
1042 2769 1149 2853 puerilis
1178 2796 1182 2803 ·

86 2891 191 2948 Musae
210 2887 334 2950 lascivia
354 2889 473 2965 penitus
491 2885 681 2946 abhorruisse
696 2890 808 2944 castum
824 2891 944 2963 poetam
960 2884 1075 2968 liquido
1092 2900 1148 2943 eeu·
1185 2910 1190 2937 ι

88 3006 156 3059 stat.
201 3001 261 3059 iam
284 3019 355 3060 vero
379 3018 444 3058 cam
466 2998 544 3057 nihil
558 2996 683 3074 amplius
706 2996 742 3089 de
758 2996 889 3056 carmine
911 2997 978 3076 ipso
1002 2992 1146 3057 memoriae
1185 3064 1190 3073 Ι

89 3112 233 3171 traditum
255 3110 369 3186 sit⁷⁰),
392 3130 452 3168 non
474 3109 589 3176 inutile,
613 3113 646 3166 ut
667 3108 805 3182 arbitror,
829 3109 887 3169 erit
909 3092 1146 3169 narratiunculam
1186 3116 1190 3177 ζ

158 3369 202 3425 67)
219 3366 295 3412 miror
319 3364 416 3412 Rohdio
439 3378 517 3424 nuper
535 3377 664 3412 assensum
689 3377 744 3412 esse
761 3365 885 3412 Hillcrum
907 3365 1032 3429 ⁴Bursian.
1050 3350 1148 3424 jehresbf

93 3452 159 3500 rsus
178 3465 202 3510 p.
224 3453 280 3498 151.

159 3536 203 3600 68)
222 3536 312 3582 retinui
329 3536 427 3582 dumam
443 3550 473 3582 ex
484 3534 655 3594 Etymologieo
672 3535 749 3581 multo
767 3534 952 3596 exquisitionem
968 3533 1070 3595 plurali,
1087 3536 1147 3592 quem
1188 3534 1190 3595 s

90 3619 255 3670 Schneiderus
280 3623 352 3669 unice
376 3635 463 3668 verum
481 3634 535 3668 esse
552 3623 630 3679 putat.
666 3618 846 3667 Callimachum
872 3620 983 3681 sequitur
1001 3618 1084 3680 Steph.
1100 3616 1149 3674 By»

91 3721 111 3756 s.
130 3723 155 3755 v.
173 3704 281 3771 Albopu

159 3793 205 3856 69)
224 3807 274 3839 non
298 3806 360 3853 opus
384 3796 421 3840 est
439 3790 536 3838 Bentlei
562 3790 716 3838 coniectura:
741 3795 873 3854 ,pastorem
890 3791 1047 3851 Branchum,
1074 3793 1151 3850 quau

91 3884 177 3939 captus
204 3892 287 3925 amore
310 3873 408 3938 pudico’
438 3890 453 3924 a
479 3875 627 3923 Schneidero
644 3881 750 3937 recepta.
787 3877 897 3924 munitur
913 3878 1038 3937 scriptura
1058 3875 1084 3922 in
1104 3869 1151 3920 adit

91 3965 168 4024 putre.
194 3964 285 4011 tradita
311 3978 326 4010 a
350 3961 473 4009 Lactantii
492 3961 589 4009 Placidi
612 3962 683 4009 libris
707 3962 899 4010 Monacensibus
926 3965 994 4011 6886
1021 3960 1053 4026 (s.
1072 3956 1112 4023 X.)
1133 3953 1153 4001 sl

92 4051 174 4097 19482
193 4047 224 4113 (s.
237 4046 374 4111 XI-XII).
409 4047 441 4094 ad
460 4045 520 4093 Stat.
539 4047 615 4093 Theb.
635 4047 696 4092 VIII
715 4048 772 4095 198.

161 4132 205 4200 70)
222 4135 268 4182 etsi
276 4136 380 4182 arduum
389 4137 427 4182 est
437 4131 547 4191 definire,
560 4131 619 4191 quid
626 4132 777 4191 permoverit
785 4131 975 4196 Callimachum,
987 4137 1015 4181 ut
1025 4128 1154 4181 Branchum
