2504 4656
551 257 741 320 ..5-

109 410 227 469 Aeliani
247 409 448 470 testimonium
469 414 573 486 utpote
601 430 640 468 ex
667 412 723 469 hoc
751 413 937 487 desumptum
966 410 1045 470 nihil
1074 412 1185 484 valere,

110 521 199 580 unice
222 541 325 579 verum
348 521 490 579 exhibere
514 520 706 580 Antoninum.
752 528 783 580 at
803 522 876 582 haec
900 523 998 582 omnia
1019 523 1187 582 falsissima.

109 633 202 691 multo
225 631 341 690 facilius
363 632 517 708 scrupulus
539 631 688 691 evellitur.
731 633 915 705 Antoninus,
948 633 1061 713 quiex
1084 635 1188 693 eodem

112 745 195 802 fonte
218 749 307 823 atque
330 742 421 802 ceteri
443 742 557 814 hausit,
589 742 701 819 duplex
721 742 765 801 ibi
787 744 920 803 mulieris
949 765 1057 804 nomeu
1080 766 1187 822 reppe-

111 853 186 913 risse
208 854 371 914 censendus
393 860 439 912 est
458 852 578 912 Oenoen
602 859 632 912 et
649 854 801 925 Geranam,
824 875 949 932 quorum
973 857 1098 915 alterum
1121 857 1187 932 ipse

112 965 254 1037 retinuit,
286 965 410 1024 alterum
443 965 615 1023 Athenaeus
645 970 675 1023 et
697 964 847 1024 Aelianus.
892 968 944 1025 sed
972 974 1071 1026 utrum
1103 968 1187 1027 dedit

112 1077 208 1137 Boens
230 1077 444 1153 Pygmaeorum
467 1075 607 1150 reginae?

197 1187 366 1247 Athenaeus
390 1166 535 1246 Geranain
557 1186 667 1245 diserte
689 1205 727 1245 ex
750 1187 827 1246 Boeo
850 1189 960 1260 adfert,
988 1188 1186 1264 interpolator

110 1297 258 1358 Antonini
279 1298 373 1357 solum
396 1300 521 1358 testatur
543 1298 634 1358 fuisse
652 1299 781 1358 fabulam
803 1299 836 1357 in
859 1300 987 1358 seeundo
1005 1300 1188 1375 Ornithogo-

110 1409 179 1470 niae
199 1409 284 1469 libro.
329 1413 462 1486 apertum
485 1412 530 1468 est
555 1408 653 1468 virum
674 1411 807 1482 doctum,
839 1430 903 1469 cum
922 1410 1069 1469 Antonini
1096 1417 1187 1487 caput

111 1522 242 1598 legeret,
265 1540 304 1579 ex
324 1518 503 1598 nescioquo
526 1519 601 1578 libro
623 1520 656 1579 in
678 1520 810 1596 margine
833 1523 1003 1595 adnotasse,
1026 1524 1105 1580 unde
1130 1522 1189 1580 sibi

112 1632 238 1709 scriptor
260 1631 391 1691 hausisse
406 1630 567 1704 videretur,
589 1651 722 1690 securum
741 1633 777 1690 de
796 1652 866 1692 vero
885 1632 1004 1692 nomine
1021 1635 1100 1708 apud
1118 1652 1189 1708 poo-

113 1748 173 1803 tam
188 1743 294 1820 ipsum.
325 1742 493 1802 memineris
510 1741 597 1801 simul
614 1745 739 1801 eundem
751 1741 780 1818 ⁸)
804 1743 957 1802 Parthenii
975 1743 1067 1820 capiti
1083 1749 1188 1802 octavo

114 1853 320 1931 adscripsisse:
351 1850 463 1930 ἱστορεῖ
487 1845 703 1931 Ἀριστόδημος
732 1844 749 1912 ὁ
772 1847 912 1923 Νυσαεύς
936 1851 965 1934 ἐν
996 1848 1023 1912 α’
1050 1851 1190 1930 ἱστοριῶν

115 1960 182 2044 περὶ
204 1958 333 2035 τούτων,
356 1956 433 2040 πλὴν
456 1958 503 2023 ὅτι
524 1956 560 2021 roi
583 1958 716 2040 ὀνόματα
738 1955 929 2038 ὑπαλλάττει,
953 1958 1017 2023 (ivri
1040 1956 1191 2042 Ἡρίππης

115 2076 214 2135 καλῶν
236 2069 419 2152 Εὗθυμίαν,
448 2067 500 2134 etv
522 2071 553 2134 dt
574 2067 729 2155 βάρβαρον
754 2069 907 2154 Καυάραν.
952 2076 1065 2136 utinam
1087 2078 1192 2135 eadem

116 2188 273 2265 diligentia
294 2187 412 2264 saepius
434 2208 504 2247 usus
526 2187 619 2246 esset!

200 2300 266 2360 Stat
285 2299 377 2375 igitur
400 2298 606 2375 gravissimum
626 2299 775 2358 Athenaei
797 2298 1007 2359 testimonium.
1037 2301 1092 2357 hoo
1107 2306 1191 2375 post-

118 2431 205 2490 quam
234 2410 505 2487 comprobavimus,
538 2410 607 2470 vide
635 2410 709 2469 mihi
737 2416 880 2490 quantum
906 2410 1013 2469 lucrati
1040 2408 1131 2467 simus
1155 2413 1193 2468 ad

117 2523 206 2582 fidem
227 2521 401 2582 litteratoris
423 2526 502 2581 recte
524 2522 753 2597 ponderandam.
795 2522 828 2579 in
849 2520 1021 2579 universum
1044 2526 1122 2579 certe
1141 2542 1193 2579 ve-

118 2653 166 2692 ros
188 2637 322 2693 auctores
345 2632 544 2711 acquisivisse
565 2632 700 2705 videtur,
729 2631 909 2710 aliquotiens
930 2631 1127 2691 similitudine
1149 2634 1194 2691 fa-

88 2772 90 2776 >
118 2744 261 2803 bellarum
283 2745 424 2821 deceptus
451 2750 512 2817 est,
542 2749 593 2803 aut
615 2742 770 2802 deficiente
799 2743 864 2803 veri
892 2741 1061 2818 cognitione
1083 2742 1194 2801 similia

119 2859 222 2915 notare
244 2855 350 2915 maluit
365 2875 453 2934 quam
469 2853 631 2932 appingere
653 2853 728 2914 illud
751 2849 768 2914 ὅ
790 2856 841 2931 (cf.
858 2855 993 2913 Heroher
1008 2854 1110 2912 Herm.
1127 2853 1194 2912 XII

120 2986 148 3043 p.
162 2967 233 3027 307.
256 2968 322 3027 adn.
343 2964 390 3043 1.).
435 2965 483 3026 siu
505 2986 576 3027 vero
605 2967 683 3024 nude
713 2965 827 3024 indicat
854 2965 1039 3025 historiolam
1066 2965 1194 3040 reperiri

120 3079 198 3154 apud
219 3078 299 3137 hunc
328 3077 467 3150 illumve,
498 3079 600 3136 eadem
631 3096 745 3153 semper
774 3076 970 3154 mythicarum
1000 3095 1195 3152 personarum

121 3187 240 3248 nomina
262 3209 280 3248 a
300 3189 426 3249 testibus
454 3187 611 3264 adscriptis
640 3188 749 3247 tradita
777 3188 869 3247 fuisse
898 3189 980 3247 nullo
1010 3193 1095 3264 paeto
1123 3187 1195 3246 inde

120 3298 261 3379 consequi
283 3299 362 3360 licet.
406 3301 485 3378 quod
507 3300 640 3375 profecto
663 3298 769 3357 summi
791 3304 836 3358 ost
857 3299 1006 3370 momenti,
1030 3299 1056 3357 si
1076 3318 1194 3374 compa-

121 3410 266 3470 rationem
287 3411 455 3471 inst'tueris
482 3410 561 3469 inter
584 3409 731 3469 Antonini
753 3409 914 3489 Ovidiique
936 3411 1194 3485 metamorphoses.

207 3524 255 3580 Ad
274 3492 385 3582 Boeuin
406 3542 502 3581 meum
526 3525 669 3581 revertor,
713 3521 749 3580 de
773 3521 888 3580 Gerana
910 3524 955 3579 sat
976 3521 1068 3579 multa
1090 3520 1195 3579 didici-

121 3655 203 3706 mus,
231 3634 395 3712 paullulum
419 3633 602 3693 addiscemus
625 3652 664 3692 ex
687 3631 794 3691 Ovidio
816 3637 884 3690 met.
908 3632 952 3693 VI
975 3637 1013 3689 90
1028 3652 1093 3711 sqq.
1138 3632 1194 3689 Mi-

122 3767 214 3807 nerva
237 3745 397 3806 certamine
421 3765 486 3804 cum
501 3745 639 3804 Arachne
660 3743 735 3802 inito
758 3742 834 3801 telae
855 3741 967 3802 intexit
989 3745 1125 3821 exempla
1142 3744 1194 3801 ho-

123 3860 236 3919 minum
259 3863 381 3934 propter
403 3857 592 3918 insolentiam
614 3875 631 3914 a
653 3855 699 3914 dis
721 3855 1011 3916 transformatorum:

193 4097 219 4161 8)
238 4099 341 4147 eundem
360 4111 413 4146 esse
431 4095 593 4157 probabiliter
610 4095 695 4143 statuit
712 4094 822 4143 Rohdius
839 4096 856 4143 1.
876 4096 893 4142 l.
912 4109 938 4156 p.
952 4097 1008 4143 117.
