2504 4656
525 325 717 391 ..3-

85 487 171 560 paret
186 484 364 555 Phemonoe,
387 485 438 542 sed
454 481 513 542 iarn
535 502 594 542 non
617 482 724 542 comite
746 483 825 540 Boeo
843 480 967 558 poetria,
990 482 1042 540 sed
1061 485 1156 557 poeta.
1182 501 1184 504 ·

85 580 225 654 discimus
255 593 347 670 igitur
376 593 484 652 librum
514 595 550 652 de
582 593 712 669 auguriis
743 595 797 652 sub
827 592 946 652 nomino
976 591 1159 651 Phemonoes

87 706 238 778 extitisse,
270 704 379 764 similia
401 707 540 764 eademve
562 705 635 764 Boei
657 703 780 763 carmini
801 704 927 762 infuisse
949 702 981 761 in
1003 703 1159 779 propatulo

87 821 143 876 est.
188 817 267 895 quod
294 815 441 874 neminem
469 815 575 874 mirum
604 815 740 887 habebit,
771 835 837 874 oum
865 814 990 890 Delphis
1018 820 1161 874 moratam

87 948 151 987 esse
173 927 255 986 illam
276 926 461 998 meminerit,
491 925 542 985 nbi
564 925 713 985 Parnasus
735 925 856 1000 auguria
878 944 916 985 ex
938 925 1039 984 avium
1059 925 1160 985 volatu

88 1038 184 1114 pet'ta
205 1037 317 1114 primns
339 1036 489 1097 invenisse
511 1038 661 1095 ferebatur
684 1037 782 1113 (Paua.
801 1037 832 1094 X
851 1041 913 1108 6,1
940 1055 978 1095 ex
990 1036 1160 1095 Alexandro

88 1149 297 1226 Polyhistore).
335 1168 405 1208 vero
427 1147 516 1207 latius
539 1151 643 1223 patent
664 1147 707 1206 rei
730 1147 849 1206 divinae
870 1146 1005 1222 vestigia.
1050 1147 1160 1206 etenim

88 1279 127 1318 ex
150 1261 266 1319 fabellis
289 1261 324 1319 ab
348 1259 501 1318 Antonino
524 1258 641 1318 traditis
664 1259 744 1317 haud
766 1257 868 1334 paucis
891 1259 987 1317 elucet
1008 1258 1162 1336 proprium

88 1371 181 1429 fuisse
198 1372 275 1429 Boeo
298 1390 425 1450 ,monere
448 1388 486 1428 ex
507 1368 676 1429 hominibus
699 1389 854 1428 conversas
877 1389 946 1428 aves
969 1389 1045 1448 quae
1068 1368 1162 1428 al'ooor

88 1482 209 1555 luerint,
228 1501 302 1560 quae
318 1501 377 1541 non
393 1480 512 1539 fuerint’
536 1480 586 1556 (of.
597 1500 680 1556 capp.
696 1486 863 1540 11.15.19.
879 1481 952 1556 21.).
984 1487 1055 1540 sunt
1070 1456 1163 1540 verba
1192 1454 1194 1459 Ι

90 1574 264 1652 Schneideri
281 1591 422 1650 Nicandr.
445 1612 475 1667 p.
493 1597 542 1663 43,
566 1592 618 1670 qui
640 1591 752 1668 primus
774 1592 830 1651 hoc
846 1593 922 1650 bene
944 1591 1162 1652 animadvertit.
1190 1591 1194 1597 ’

93 1724 192 1763 nonne
216 1703 327 1779 optime
349 1702 423 1760 haec
445 1702 543 1760 omnia
565 1702 644 1760 inter
662 1722 693 1760 se
707 1701 882 1762 cohaerent?
910 1722 1009 1762 nonne
1025 1703 1091 1762 luce
1106 1703 1165 1760 cla·

90 1815 153 1872 rius
177 1816 254 1873 Boeo
278 1819 309 1873 et
331 1813 441 1871 Boeum
465 1833 557 1872 unum
579 1815 763 1892 eundemque
792 1833 855 1872 esse
878 1813 1046 1873 hominem?
1091 1813 1164 1892 quid

92 1923 206 1984 multa?
223 2004 230 2009 .
249 1923 347 2002 nescio
366 1924 432 2005 quis
454 1930 541 2000 poeta
564 1924 784 1989 Alexandrinus
807 1924 1040 2000 Ornithogoniae
1063 1932 1164 1985 auctor

92 2037 188 2094 Boeus
210 2035 372 2110 doctrinam
396 2027 564 2112 auguralem
586 2037 697 2094 referre
719 2052 750 2094 se
773 2035 969 2095 adseveravit.
987 2020 1096 2121 {verus
1114 2022 1173 2096 aus

91 2153 154 2207 otor
175 2146 270 2220 latuit,
292 2146 393 2226 itaque
415 2146 474 2222 ipsi
496 2146 543 2204 illi
565 2125 682 2204 mulieri
704 2146 984 2225 adsignaverunt5).
1022 2148 1074 2227 qui
1093 2168 1163 2208 vero

92 2262 202 2319 factum
224 2258 272 2330 sit,
294 2262 328 2317 ut
343 2256 455 2334 posteri
468 2257 559 2314 Βοῖον
575 2276 691 2333 semper
707 2262 812 2316 testem
828 2252 968 2331 excitent,
990 2279 1050 2318 non
1069 2253 1160 2332 Boioi,

97 2372 129 2428 id
150 2370 238 2429 hodie
260 2368 414 2428 nescimus.
458 2367 545 2426 laoile
568 2366 686 2446 quidem
709 2368 880 2428 mutationis
903 2369 1047 2445 originem
1063 2371 1163 2450 aliquo

99 2487 185 2557 pacto
208 2479 412 2557 explicaveris,
435 2500 489 2554 ego
511 2484 610 2538 tamen
632 2480 855 2540 ariolationibus
872 2481 1020 2541 abstinere
1037 2484 1114 2543 malo
1128 2483 1167 2562 ⁶).
1218 2454 1221 2459 Ι

185 2611 278 2668 pauca
305 2592 340 2650 de
363 2591 517 2649 Athenaeo
546 2590 631 2649 addo.
665 2590 717 2669 qui
746 2611 812 2650 cum
840 2612 878 2650 ex
906 2594 989 2652 fonte
1015 2594 1167 2669 incognito

98 2702 171 2761 Boei
185 2701 308 2761 fabellas
329 2701 443 2778 aliquot
457 2699 611 2772 hausisset,
634 2701 805 2761 Philochori
826 2722 937 2762 memor
958 2724 975 2763 e
996 2703 1081 2764 libris
1099 2702 1165 2784 περὶ

100 2813 242 2888 μαντικῆς
263 2847 305 2856 -
326 2812 374 2870 his
397 2813 476 2872 enim
498 2813 695 2886 fragmentum
722 2813 851 2872 incertae
878 2815 956 2874 sedis
985 2817 1064 2891 apud
1087 2817 1164 2876 Miil-

99 2924 192 2983 lernm
214 2923 298 2982 FHG
320 2924 336 2980 I
357 2944 385 2999 p.
406 2925 476 2981 417.
505 2923 694 2982 inserendum
723 2943 786 2983 esse
814 2944 919 2984 censeo
941 2961 982 2969 -
1004 2926 1167 3003 Delphicae

103 3034 231 3112 auspicis
262 3054 368 3094 nomen
390 3037 473 3094 docte
504 3033 694 3111 enotavitll,
727 3056 813 3114 quam
842 3037 992 3096 doctrinae
1024 3039 1172 3114 auguralis

98 3147 148 3206 vel
169 3145 375 3205 inventoribus
397 3146 446 3205 vel
468 3144 661 3221 scriptoribus
683 3148 924 3208 adnumeraverit
945 3149 1006 3208 ille.

101 3340 130 3372 ex
149 3325 290 3372 Phemonoe
308 3325 437 3372 laudantur
455 3324 507 3390 (57
527 3329 551 3372 et
570 3321 625 3390 21),
652 3325 741 3373 dobere
758 3341 853 3374 summa
871 3342 925 3375 cnm
944 3328 1025 3388 specie
1042 3329 1097 3376 veri
1113 3344 1170 3377 con-

98 3411 154 3458 iecit
171 3410 295 3458 Brunnius
318 3411 348 3457 de
372 3414 445 3459 auctt.
463 3411 563 3458 indicib,
583 3411 647 3460 Plin.
667 3427 690 3471 p.
706 3413 744 3458 16.
780 3413 845 3472 quod
871 3413 892 3460 si
909 3427 996 3460 verum
1014 3419 1064 3475 est,
1090 3415 1170 3463 eidem

99 3496 172 3544 debet
188 3497 249 3544 Boei
266 3496 384 3543 notitiam.
421 3496 451 3543 de
469 3500 579 3558 tempore
596 3497 694 3556 quando
711 3497 802 3545 vixerit
818 3498 874 3557 illo,
893 3499 956 3545 nihil
973 3504 1085 3559 constat,
1104 3501 1170 3560 quod

98 3596 157 3630 sane
176 3582 317 3628 dolendum.

167 3665 192 3733 5)
210 3671 399 3715 consentaneum
417 3670 454 3712 est
472 3665 544 3713 otiam
565 3667 720 3714 Phemonoaa
737 3681 843 3725 carmen,
861 3673 889 3715 ut
906 3683 950 3728 par
965 3675 1018 3718 erat
1035 3671 1171 3719 hexametri

98 3753 245 3813 inventrici,
265 3752 390 3800 subditum
408 3751 490 3799 fuisso.
527 3753 583 3800 inde
601 3754 711 3813 profecta
729 3758 786 3800 sunt
803 3768 865 3813 qnae
883 3755 984 3803 laudant
1002 3757 1095 3805 Plinius
1113 3759 1168 3808 NH.

98 3839 156 3886 X?
183 3843 207 3885 et
233 3839 281 3898 21,
305 3837 454 3886 Artemidor.
473 3837 548 3884 onair.
566 3840 623 3886 119
647 3843 672 3887 et
689 3839 725 3885 IV
740 3843 754 3887 9
772 3839 863 3887 Heroh.
881 3868 914 3877 -
950 3835 1171 3906 'Opvrbopcvrslcv

99 3925 208 3972 Hesiodo
227 3928 422 3984 supposuerunt,
450 3937 523 3982 quam
548 3925 656 3984 spuriam
680 3940 734 3972 essa
752 3926 901 3985 Apollonius
918 3926 1036 3975 Rhodius·
1045 3928 1169 3976 iudicavit.

99 4010 179 4057 Prool.
198 4011 230 4056 ad
246 4009 307 4055 Hes.
327 4023 367 4070 op.
386 4010 446 4056 826.

169 4093 194 4156 6)
212 4099 288 4144 semel
304 4110 392 4143 moneo
410 4095 552 4143 commodae
567 4096 696 4147 brevitatis
716 4113 789 4146 causa
806 4099 865 4146 mihi
878 4099 965 4147 dehine
978 4101 1171 4150 andireBoeum.
1219 4102 1221 4107 '

169 4178 194 4247 7)
213 4182 365 4230 Athenaeum
383 4181 465 4242 ipsum
477 4181 618 4230 Philochori
631 4185 794 4252 opuslegisso
812 4186 915 4233 confido.
943 4187 973 4234 cl.
986 4187 1046 4234 XIV
1057 4201 1081 4248 p.
1092 4186 1172 4236 648‘1.

915 4277 928 4332 1
943 4269 963 4305 ts
