2504 4656
524 267 734 333 -28-

92 423 127 481 cf.
153 422 217 481 Ael.
241 421 277 480 de
299 427 359 482 nat.
383 443 429 482 an.
452 423 517 482 XII
540 429 595 484 34:
627 418 700 502 λέγει
731 417 762 482 δὲ
794 415 811 481 o‘
835 418 990 501 Κλέαρχος
1015 404 1036 480 o‘
1066 417 1099 481 ἔκ
1120 419 1167 481 τοῦ

93 526 260 612 περιπάτου
282 526 393 608 μόνους
418 533 668 611 Πελοποννησίων
689 527 839 614 Ἀργείους
868 527 941 608 ὅφιν
964 526 1009 610 μή
1034 527 1167 592 ἀποκτεί-

90 663 165 702 νειν·
197 640 229 703 ἐν
252 639 284 702 δὲ
306 648 370 715 ταῖς
399 637 537 725 ἡμέραις,
568 639 603 716 ἃς
624 647 764 705 καλοῦσιν
791 637 998 725 Ἀρνηΐδας,
1025 643 1059 705 οἷ
1079 636 1165 747 eripui,

91 749 143 815 ἔοῖν
164 751 247 816 κύων
269 754 299 826 ἐς
320 749 374 833 τὴν
397 748 510 836 ἆγορᾶν
540 749 716 849 παραβάλῃ,
751 752 926 837 ἀναιροῦσιν
948 747 1055 816 αὐτόν.
1103 757 1166 818 hinc

89 860 177 948 ἑορτὴ
202 861 393 943 Κυνοφόνιις
416 868 498 928 audit
521 870 676 929 Athenaeo
699 867 951 953 111p.eo⁰⁸⁸).

162 981 277 1042 Clarior
287 981 347 1040 iam
357 979 411 1041 lux
423 979 587 1040 affunditur
598 980 685 1040 Statii
697 980 841 1054 versibus,
853 981 933 1040 unde
944 980 1049 1040 exorsi
1062 1001 1165 1041 sumus.

89 1113 157 1152 nam
175 1094 283 1153 Linum
306 1112 365 1153 una
382 1113 447 1152 eum
469 1097 554 1170 patre
571 1093 712 1170 Apolline
733 1092 793 1152 illis
811 1093 913 1152 diebus
937 1092 1055 1152 cultum
1078 1094 1165 1154 fuisse
1192 1114 1195 1119 ·

90 1211 321 1265 consentaneum
338 1211 390 1278 est,
408 1224 505 1284 neque
521 1204 681 1283 quidquam
695 1205 829 1282 impedit,
853 1204 1014 1284 quominus
1030 1226 1165 1285 pompam

89 1317 248 1376 mulierum
275 1322 395 1376 cantum
417 1317 578 1375 solemnem
600 1317 769 1375 canentium
790 1335 961 1395 moremque
987 1335 1099 1376 cauum
1112 1312 1164 1377 'iu-

89 1428 332 1487 terficiendarum
355 1433 581 1487 commemorate
602 1449 665 1487 esse
688 1427 906 1505 sumamus39).
950 1429 1010 1488 hoc
1041 1428 1164 1490 sirecte

89 1539 194 1613 statui,
228 1545 363 1618 apertum
386 1544 431 1599 est
453 1531 486 1597 ro*
511 1537 606 1598 αἰίιου
636 1539 722 1620 quale
745 1540 851 1600 fuerit:
883 1539 1030 1614 originem
1055 1540 1164 1601 mensis
1184 1518 1193 1591 s

86 1641 218 1730 Ἀρνείου
241 1651 384 1728 explicuit
406 1657 501 1730 poeta,
524 1652 603 1711 unde
625 1650 744 1711 initium
766 1653 839 1710 fecit
855 1650 965 1725 elegiae
988 1650 1163 1712 fideiussore

89 1762 193 1821 Statio.
237 1764 315 1844 quod
345 1763 432 1824 facile
463 1763 627 1823 consociari
656 1767 755 1841 potest
782 1783 847 1833 oum
876 1763 917 1823 eis
949 1762 1085 1844 quaein
1107 1748 1163 1823 tino

89 1874 272 1949 legebantur,
302 1875 452 1935 eonditum
476 1875 541 1934 dico
556 1874 768 1953 Tripodiscum.
801 1875 911 1935 etenim
936 1880 1101 1955 postquam
1114 1876 1164 1936 Co·
1194 1922 1200 1953 .-

88 1986 174 2046 roebi
197 2007 244 2047 res
267 1987 410 2061 absolvit,
440 1986 482 2046 sic
503 1989 566 2046 fere
588 1986 799 2048 Callimachum
823 1987 945 2046 desiisse
966 1984 1043 2045 mihi
1068 1980 1163 2063 fingo:

91 2098 198 2172 Argivi
222 2103 320 2157 autem
343 2099 412 2158 inde
436 2100 473 2158 ab
496 2118 530 2156 eo
547 2103 679 2177 tempore
694 2099 863 2177 Apollinem
878 2098 1050 2179 Linumque
1075 2090 1162 2161 certis
1192 2146 1195 2151 -

89 2209 264 2291 quibusdam
287 2209 390 2269 diebus
411 2211 529 2287 placare
552 2210 648 2269 solent
670 2230 694 2270 e.
709 2230 737 2289 q.
753 2233 774 2271 s.
787 2210 847 2286 4⁰).

87 2378 215 2445 Μεγαρίδι
232 2377 278 2431 καὶ
294 2377 476 2444 Τριποδίσκιοι
492 2375 646 2437 ἐπικαλέσας
666 2374 825 2448 κατῴκησεν.
860 2395 947 2441 parum
964 2379 1032 2429 euim
1050 2382 1165 2433 iuvamur

88 2467 215 2514 Welckeri
227 2467 367 2515 coniectura
380 2465 518 2514 Coroebum
536 2468 591 2514 loco
603 2465 705 2526 Crotopi
722 2465 900 2514 substituentis.
935 2481 994 2513 nam
1007 2467 1038 2516 de
1053 2466 1165 2517 Coroebo

89 2553 164 2613 plane
182 2551 243 2598 nihil
262 2552 336 2599 refert
353 2552 464 2612 scriptor.
501 2552 558 2600 hine
576 2551 665 2599 erroris
678 2558 843 2612 coarguuntur
855 2557 879 2599 et
888 2551 1013 2601 Reuehius
1026 2558 1053 2600 et
1065 2553 1166 2603 Schnei-

92 2637 165 2684 derus
183 2637 253 2683 illum
271 2651 285 2684 e
304 2636 455 2685 Callimacho
472 2639 527 2686 solo
552 2636 664 2686 hausisse
683 2637 784 2698 opinati.
820 2643 926 2686 ceterum
944 2652 1017 2698 aegre
1034 2639 1166 2688 ferendum

40 2717 42 2720 ’
89 2728 128 2770 est
145 2724 225 2783 ipsum
238 2721 364 2772 Cononem
381 2729 480 2784 praesto
497 2724 547 2772 iam
564 2738 613 2771 non
626 2738 688 2781 esse,
706 2724 876 2772 sedPhotium
894 2701 1072 2784 mcerptorhm.
1108 2742 1165 2775 mm

88 2806 154 2854 haud
167 2823 247 2868 pauca
260 2810 313 2857 iure
329 2811 390 2857 mihi
410 2811 496 2859 videor
514 2825 645 2860 revocasse
662 2810 695 2857 ad
707 2808 892 2859 Callimachum.
928 2810 958 2856 cl.
971 2825 1077 2861 versum
1095 2813 1164 2861 initio
1202 2852 1208 2893 1

88 2892 161 2942 huius
177 2894 352 2955 disputationis
369 2896 512 2944 laudatum:
1201 2922 1208 2965 γ

291 2972 364 3045 ἄρνες
380 2997 426 3042 τοι,
444 2978 502 3046 φίλε
518 2979 602 3044 κοῦρε,
621 2977 761 3046 οννήλικες,
779 2975 853 3045 ἄρνες
871 2977 963 3043 ἕταιροι

320 3063 393 3118 ἔσκον
1007 3131 1009 3135 Ι

89 3167 146 3201 cum
164 3152 273 3202 Cononis
290 3153 387 3201 verbis:
414 3149 483 3218 μῆνοὶ
500 3145 678 3218 τεοίνόμασαν
694 3145 853 3217 Ἀρνεῖον,
880 3146 931 3204 ὅτι
948 3145 1072 3217 οίρνάσι
1089 3154 1164 3216 Λίνος
1205 3150 1208 3185 ³

89 3235 349 3305 συνανετροίφη,
374 3255 437 3300 quae
463 3239 543 3287 oetion
562 3239 686 3286 continere
703 3239 788 3288 statim
807 3239 908 3287 docebo.
928 3265 961 3275 ·-
981 3234 1027 3288 acl
1046 3247 1106 3291 ante
1123 3259 1163 3294 κυ-
1203 3236 1208 3303 “,

87 3322 136 3374 νῶν
154 3326 201 3372 del.
1205 3336 1208 3405 i

157 3409 202 3475 38)
219 3413 259 3460 his
278 3412 308 3459 de
321 3413 396 3460 rebus
409 3413 504 3472 egregie
516 3411 653 3472 disputavit
665 3411 812 3459 WeIckerus
830 3413 846 3458 l.
861 3412 877 3458 l.
895 3426 919 3472 p.
935 3412 966 3458 15
977 3424 1032 3474 sqq.
1052 3441 1088 3451 --
1106 3431 1160 3465 oon-
1205 3422 1208 3437 ¹

88 3497 181 3546 similes
200 3499 251 3546 dies
271 3499 327 3547 festi
345 3500 411 3559 apud
431 3499 555 3546 Romanos
574 3498 697 3546 exoriente
721 3498 834 3544 cuniculo
852 3498 997 3558 agebantur.
1016 3525 1051 3536 --
1069 3501 1160 3551 mansis
1202 3448 1208 3581 ί

86 3574 198 3647 Ἀρνεῖος
215 3601 230 3633 a
247 3582 364 3648 Καρνείῳ
382 3600 432 3631 non
451 3585 564 3633 diversus
582 3585 658 3632 tuisse
676 3584 781 3630 videtur.
1203 3584 1208 3643 l

156 3646 1208 3739 mammmmpmwummmtamfflmi

88 3751 133 3805 aul
151 3749 236 3820 ripaeis
249 3752 263 3808 ὁ
276 3753 375 3820 δαίμων
387 3753 529 3818 παρέδωκε,
547 3751 598 3812 τίς
615 3753 735 3818 θρῆνος
752 3747 780 3804 Ἀ
791 3757 915 3818 ργεῐος,
933 3750 999 3812 τίνες
1017 3753 1159 3822 Αἰγυπτίων
1205 3742 1208 3769 ¹

88 3831 106 3906 ἦ
120 3839 229 3907 Φρυγῶν
242 3834 306 3909 ᾠδοί
319 3836 554 3905 συμμετρήαονται;
572 3842 603 3887 de
620 3855 668 3900 quo
680 3840 738 3888 vide
750 3840 784 3888 sis
797 3841 956 3887 Welckerum
968 3841 984 3885 l.
997 3842 1013 3889 l.
1032 3857 1061 3902 p.
1075 3845 1116 3892 16.
1134 3860 1157 3892 ιι.

90 3930 129 3974 19.
163 3927 369 3976 Wilamowitzius
387 3927 486 3987 quidem
505 3942 535 3975 ex
552 3926 642 3974 Aesch.
661 3925 770 3987 Choeph.
784 3928 834 3975 423
847 3927 905 3973 Ddf.
924 3926 1032 3975 scribere
1049 3931 1106 3978 vult
1121 3926 1159 3987 τίς

89 4005 368 4079 ΒρῆνοςἊριος...
1199 4002 1208 4103 ί

156 4101 200 4159 40)
219 4105 276 4146 ante
294 4097 472 4146 Callimachum
494 4097 552 4145 Lini
569 4098 687 4146 tabellam
710 4098 814 4147 forsitan
834 4096 940 4157 tetigerit
957 4097 1107 4163 clearchum
1128 4101 1157 4151 σί.

88 4184 184 4235 aelian.
202 4187 220 4233 1.
233 4199 253 4233 s.
266 4186 283 4235 l.
319 4189 447 4249 praeterea
463 4183 503 4234 bis
520 4188 616 4233 tantum
633 4184 660 4231 ni
676 4183 750 4233 fallor
768 4183 880 4234 occurrit.
916 4184 993 4233 schol.
1006 4185 1072 4234 AD.
1084 4187 1157 4236 Hom.
1180 4110 1208 4384 l
