2504 4656
518 253 733 318 ...11-

89 411 137 470 tae
158 409 223 469 avis
244 409 355 469 mentio
380 430 397 468 a
423 410 523 469 Macro
554 410 631 468 faeta
653 409 750 484 arguit
771 409 843 469 Boei
865 410 1086 484 aemulatorem,
1116 408 1164 470 eui

86 523 143 581 hoe
161 520 314 598 proprium
331 520 423 580 fuisse
440 540 529 596 supra
550 520 726 580 monuimus.
764 521 799 580 de
815 520 961 581 haliaeeto
986 528 1016 582 et
1038 522 1160 599 alcyone

90 635 192 693 docet:
229 619 311 692 οὗτοι
333 635 395 702 τοῖς
416 627 571 691 πλέουσιν
593 628 624 690 oi
644 624 766 712 ὄρνιθες
788 629 878 691 αἴσιοι
900 630 1055 706 φαίνονται
1078 633 1160 710 (Ant.

92 744 168 822 11.),
192 742 297 822 quidni
318 742 397 802 idem
420 744 456 802 de
479 762 570 820 cyeno
594 741 746 803 docuerit?
789 744 873 803 vides
895 745 968 803 haec
990 743 1088 804 omnia
1110 763 1162 820 op-

88 855 161 914 time
183 854 262 913 iuter
285 874 315 913 se
338 874 507 929 congruere,
530 857 560 914 et
581 854 639 913 iam
661 859 733 931 puto
756 854 925 931 perspicies,
947 857 1026 915 unde
1048 855 1160 915 Nasoni

86 969 226 1026 obscurus
248 970 335 1041 poeta
357 964 590 1055 innotueritli).
635 965 726 1026 ceteri
753 965 920 1042 neglexisse
942 964 1082 1026 videntur
1105 986 1158 1024 ex·

88 1068 292 1079 -..-—--·-—-

159 1106 203 1163 17)
221 1109 342 1163 quatenus
360 1104 486 1162 exemplar
504 1101 624 1150 Graecum
642 1107 739 1150 secutus
757 1104 789 1149 sit
804 1103 900 1164 Macer,
924 1103 950 1149 in
967 1107 1036 1150 10010
1053 1103 1161 1150 testimo-

91 1190 188 1238 niorum
205 1190 328 1250 paucitate
345 1189 392 1236 dici
409 1189 458 1235 iam
479 1190 570 1247 nequit.
607 1189 650 1236 sed
668 1189 689 1236 si
707 1204 737 1236 ex
755 1189 888 1248 rhenanis,
907 1203 1010 1248 quorum
1027 1189 1160 1248 imaginem

88 1276 170 1336 paullo
189 1275 319 1322 clariorem
337 1273 476 1322 describere
495 1276 565 1333 licet,
592 1274 622 1321 de
647 1274 752 1322 hominis
776 1275 900 1335 ingeniolo
924 1275 961 1321 fas
984 1279 1021 1322 est
1044 1274 1160 1333 iudicare,

87 1362 208 1422 interpres
226 1361 307 1421 potius
325 1360 386 1420 suit,
406 1373 479 1418 quam
496 1359 612 1407 imitator.
648 1374 787 1419 quanquam
805 1360 901 1421 copiam
918 1359 1055 1407 fabularum
1072 1361 1160 1421 patriis

88 1448 168 1495 auxit:
187 1461 244 1494 narn
262 1448 342 1506 primo
360 1445 425 1492 libro
442 1446 523 1492 inerat
539 1445 641 1492 mutatio
658 1446 710 1492 Pici
729 1444 802 1510 (Non.
821 1461 846 1506 p.
861 1447 918 1506 518,
938 1446 991 1506 25),
1009 1460 1082 1505 quam
1100 1459 1160 1506 pau·

89 1535 122 1581 eis
141 1533 251 1581 absolvit
269 1531 392 1592 Vergilius
410 1532 472 1578 Aen.
489 1531 537 1578 VII
554 1533 601 1578 189
615 1546 684 1592 sqq,
711 1531 824 1593 pluribus
841 1535 983 1592 persecutus
1001 1536 1039 1579 est
1056 1531 1160 1579 Ovidius

88 1624 144 1668 met.
164 1619 225 1665 XIV
238 1619 287 1666 320
300 1632 362 1677 sqq,
381 1623 491 1677 uterque,
510 1622 537 1664 ut
554 1632 599 1677 par
617 1622 655 1665 est
672 1618 790 1676 conicere,
808 1631 901 1664 memor
923 1617 1021 1664 Aemilii
1037 1617 1117 1664 amici.
1133 1644 1160 1653 -

88 1705 145 1752 data
169 1705 297 1752 occasione
322 1705 443 1751 nonnulla
459 1704 490 1751 de
514 1704 591 1750 Macri
609 1702 735 1751 Theriacis
759 1704 855 1751 addam.
874 1704 935 1751 duos
952 1703 1030 1751 libros
1054 1704 1161 1752 suissee

88 1792 163 1839 schol.
182 1792 300 1838 Bernens.
320 1790 351 1836 ad
368 1790 465 1837 Lucan..
479 1789 515 1836 IX
534 1790 580 1837 701
602 1789 777 1848 comperimus:
804 1793 952 1851 ‘serpentum
970 1789 1070 1836 nomina
1086 1793 1128 1836 aut
1145 1804 1160 1837 a

88 1877 170 1924 Macro
190 1876 294 1935 sumpsit
319 1875 349 1922 de
373 1874 443 1922 libris
460 1874 597 1922 Theriacon
617 1899 647 1908 —
666 1888 723 1921 nam
740 1875 800 1921 duos
819 1874 894 1921 edidit
911 1901 944 1909 -—
962 1880 1004 1922 aut
1020 1875 1130 1933 quaesita
1146 1889 1178 1922 a.

90 1962 178 2010 marsis
202 1960 300 2022 posuit'.
335 1961 396 2007 illud
420 1961 461 2007 vel
485 1974 514 2007 eo
540 1960 736 2018 commendatur,
764 1960 830 2019 quod
847 1960 977 2021 descriptio
994 1960 1088 2008 Lucani
1106 1975 1160 2008 cum

85 2049 209 2096 Nicandro
227 2051 322 2092 mutum
340 2060 389 2093 non
407 2046 515 2093 concinit
531 2044 570 2109 (cf.
590 2046 692 2093 Usener.
711 2060 736 2106 p.
746 2046 816 2110 309.)
834 2047 875 2095 011.
895 2049 943 2096 701
962 2067 996 2088 --
1013 2047 1066 2094 Nic.
1085 2048 1158 2096 Ther.

89 2135 136 2181 157
150 2147 207 2192 sqq.
235 2132 284 2181 709
296 2153 330 2173 =
343 2134 392 2180 282
405 2145 458 2191 sqq.
484 2132 533 2181 710
546 2146 582 2191 sq.
595 2152 630 2174 =
642 2134 691 2180 359
704 2145 758 2190 sqq.
778 2135 827 2180 712
840 2145 875 2190 sq.
894 2152 928 2172 =
946 2133 1005 2180 463.
1022 2133 1081 2182 483.
1099 2135 1158 2181 464.

86 2219 244 2268 71e=316
258 2231 312 2276 sqq.
339 2218 370 2263 ad
395 2219 443 2264 717
478 2218 508 2264 cf.
529 2218 578 2266 384
590 2231 642 2276 sqq.
670 2218 828 2266 ⁷18=334
840 2232 894 2277 sqq.
923 2219 1089 2267 719=3sa
1110 2220 1159 2268 720

86 2306 249 2363 =414sqq
268 2304 368 2351 01491.
396 2303 428 2349 00
446 2305 494 2351 723
522 2303 552 2349 cf.
574 2304 621 2350 147
640 2307 665 2349 01
683 2303 771 2350 Aelian
789 2304 887 2350 donat.
905 2304 1072 2354 an.XV140.
1098 2320 1160 2365 quae

86 2390 232 2438 Nicandreis
251 2390 377 2448 accedunt,
396 2402 533 2447 aequoque
550 2388 668 2435 imitatori
680 2389 791 2436 Romano
804 2388 888 2437 deberi
898 2390 972 2437 fidem
983 2391 1042 2439 facit
1058 2406 1083 2438 v.
1097 2386 1160 2439 ill:

360 2475 487 2538 ‘tractique
506 2474 560 2523 via
577 2475 724 2522 fumante
742 2475 859 2536 chelydri'

153 2561 251 2608 conlato
274 2561 369 2608 Isidoro
393 2561 452 2620 orig.
471 2561 521 2607 XII
539 2565 569 2609 4:
596 2562 643 2624 ‘hic
667 2560 711 2626 (sc.
736 2562 877 2624 chelydros)
900 2577 945 2623 per
971 2577 1044 2622 quam
1068 2564 1158 2611 labitur

86 2652 179 2695 terram
197 2648 292 2694 fumare
308 2647 374 2705 facit,
393 2661 464 2705 quem
482 2648 517 2694 sie
533 2648 639 2693 Macer
657 2631 787 2695 describit:

359 2768 405 2781 ...
425 2748 468 2780 seu
485 2738 556 2793 terga
573 2734 699 2794 exspirant
715 2735 835 2782 fumantia
851 2737 920 2783 virus
975 2784 978 2789 ,

275 2833 331 2867 seu
348 2824 440 2867 terra
458 2819 607 2880 assumat,
627 2833 675 2878 qua
693 2824 771 2868 taeter
788 2821 881 2869 labitur
895 2821 990 2882 anguis’

87 2907 157 2954 codd.
176 2910 242 2952 terra
259 2905 344 2952 fumat.
363 2919 426 2952 corr.
445 2903 539 2954 Osann.

155 2992 258 3039 alterum
275 2992 409 3038 frustulum
426 2991 491 3051 apud
503 2990 641 3038 charisium
658 3005 683 3051 p.
695 2993 736 3052 81,
751 2993 782 3039 18
795 2993 826 3039 Κ.
846 2997 972 3041 servatum
985 2996 1094 3042 nondum
1106 3010 1158 3042 cor·

87 3082 182 3125 rectum
201 3081 245 3125 est.
281 3077 419 3136 disputatur
437 3076 467 3124 de
484 3091 546 3123 voce
570 3076 703 3124 sibilus:
731 3077 1160 3141 ί811111000000100010000-

87 3177 146 3210 nere
165 3162 264 3222 quidam
281 3163 410 3222 dixerunt,
429 3166 456 3208 ut
474 3160 577 3209 Ovidius
596 3160 662 3225 (met.
682 3163 719 3209 ΙΙΙ
737 3166 799 3223 494)
828 3200 874 3214 ...
893 3171 918 3213 01
936 3165 1067 3214 Cornelius
1085 3167 1159 3215 Seve-

85 3263 128 3295 rus
147 3282 194 3296 ...
213 3251 238 3295 01
254 3248 337 3295 Macer
354 3248 433 3295 theria
450 3248 573 3294 contundo
591 3249 732 3296 resonantia
745 3250 817 3297 sibila
834 3252 914 3299 colla'.
949 3253 995 3313 (sic
1013 3253 1065 3299 cod.
1077 3254 1156 3312 Neap.

88 3333 131 3397 70.
150 3334 278 3381 theriacon
295 3334 368 3392 longo
386 3333 527 3380 resonantia
545 3334 617 3381 sibila
632 3334 703 3381 collo'
728 3350 779 3382 exc.
799 3338 908 3396 orthogr.
925 3337 1007 3384 Bedae
1025 3339 1092 3399 (Vol.
1111 3339 1159 3386 VH

86 3422 170 3480 psal
183 3415 226 3479 Κ.)
245 3419 379 3480 ‘theriacen
391 3418 505 3466 secundo’
524 3419 560 3467 ed.
574 3418 663 3483 prino.)
681 3422 758 3484 ‘collo'
776 3422 866 3470 dudum
884 3427 971 3484 poetae
988 3424 1159 3472 reddiderunt:

87 3509 165 3552 restat
183 3505 251 3565 prior
269 3505 409 3565 corruptela
431 3504 530 3567 ‘tundoi
565 3505 627 3552 adde
645 3505 706 3553 duos
731 3508 826 3568 apices,
853 3513 940 3569 sponte
966 3510 1049 3557 evadit
1072 3524 1159 3558 versus

87 3592 208 3650 particula
225 3590 328 3637 haecce:

412 3676 506 3723 tumido
524 3678 663 3725 resonantia
680 3677 753 3725 sibila
770 3679 832 3726 collo

88 3762 119 3809 cf.
137 3762 190 3809 Nic.
209 3761 283 3808 Ther.
303 3761 350 3808 179
362 3775 398 3822 sq.

124 3862 126 3867 ·
394 3842 516 3911 ψαφαρὸς
533 3840 557 3900 δ’
575 3840 762 3914 α’νατιίμπραται
781 3845 862 3916 αὐχήν

292 3920 393 3996 ιἰἰιριτα7
403 3927 591 3997 ποιφύσσοιτος.

89 4018 163 4081 Verg.
182 4019 272 4079 Georg.
291 4019 448 4078 111421sq.

241 4105 418 4166 tollentemque
435 4105 515 4155 minas
532 4111 557 4156 01
574 4105 645 4156 sibila
661 4108 724 4156 oolla
741 4111 874 4158 tumentem
891 4109 977 4159 Deice.
