2504 4656
521 271 730 336 ..47-

90 432 152 486 459
169 446 213 507 sq.
267 447 342 506 quae
373 427 460 487 initio
500 427 619 507 quidem
650 427 726 486 nihil
755 429 879 505 praebet
907 427 1088 487 offensionis.
1131 420 1165 485 ‘0

89 529 227 614 Ἀκάμας
250 531 363 617 ὀλίγαις
386 533 472 596 ναυσὶ
495 537 643 617 προσίσχει
665 532 758 619 Θρᾳξί
772 531 929 608 Βισάλταις
950 534 1001 597 καί
1024 534 1075 619 ἐρᾷ
1099 532 1165 596 τού-

89 667 143 706 του
170 645 279 718 Φυλλίς
301 639 322 723 ἦ
343 641 480 726 θυγατῄρ
510 648 563 706 τοῦ
595 645 658 706 ἐκεῖ
676 643 818 724 βασιλέως
839 644 890 707 καὶ
912 639 930 706 ὅ
952 641 1048 727 πατὴρ
1071 641 1166 724 αὐτὴν

88 755 180 840 ἐγγυᾷ
203 754 252 818 ἐπὶ
275 755 377 836 προικί
399 760 435 840 τῇ
465 757 606 841 βασιλείᾳ.
651 750 780 834 Ἀκάμας
809 752 840 817 δὲ
864 752 1044 835 βουλόμενος
1068 757 1166 818 ἐλθεῖν

88 866 130 938 εἰς
154 864 209 946 τὴν
229 867 358 947 πατρίδα
380 864 472 927 πολλά
495 866 616 945 δεηθείς
638 862 720 948 παρά
740 867 885 939 Φυλλίδος
909 866 959 928 καί
981 871 1038 928 τῶν
1054 866 1166 946 ἐκείνης

90 975 205 1056 ὀμόσας
221 971 423 1058 άντιστρίφειν
438 977 588 1060 ἐξέρχεται.
624 985 687 1039 tum
706 981 821 1058 pergit:
844 976 895 1041 καὶ
910 971 930 1056 ἡ
947 977 1056 1050 Φυλλίς
1072 975 1165 1040 αὐτόν

87 1088 257 1171 προπέμπει
287 1083 353 1169 άχρι
376 1093 434 1150 τῶν
462 1087 653 1167 καλουμένων
673 1085 773 1151 Ἐννέα
795 1084 934 1168 ὅδῶνθῧ)
963 1088 1014 1150 καί
1043 1091 1164 1152 δίδωσιν

88 1197 168 1285 αὐτῷ
198 1196 340 1278 κιβοίτιον
370 1199 495 1261 εἰποῦσα
525 1190 613 1281 ἱερὸν
635 1193 710 1261 εἶναι
740 1203 792 1278 τῆς
817 1195 929 1280 μητρὸς
948 1195 1028 1272 Ῥεάς
1049 1200 1100 1263 καί
1122 1198 1163 1280 pil

88 1306 218 1392 civolyeto
237 1306 321 1385 αίτὸ,
346 1310 373 1371 εἰ
389 1306 429 1388 μή
449 1307 522 1371 ὅταν
540 1307 687 1397 άπελπίσρ
708 1307 762 1390 τὴν
784 1306 860 1392 πρός
882 1304 974 1391 αὐτὴν
997 1306 1115 1383 άυοὸον.
1146 1305 1165 1375 o‘

88 1420 121 1483 di
145 1418 245 1484 ἐλθάν
277 1420 308 1493 ἐς
332 1417 462 1504 Κύπρον
485 1421 548 1483 ἐκεῖ
576 1417 711 1507 κατῴκει.
756 1421 882 1483 καὶτοῦ
908 1427 1017 1484 τακτοῦ
1038 1420 1070 1484 δὲ
1092 1424 1165 1485 διελ-

87 1528 200 1605 θόντος
223 1529 331 1614 χρόνον
353 1526 374 1611 ἡ
394 1531 505 1605 Φυλλίς
527 1526 602 1614 α’ράς
617 1532 730 1612 θεμένη
753 1528 827 1594 κατά
840 1529 1032 1612 Ἀκάμαντος
1054 1529 1163 1614 ἑαυτὴν

87 1639 208 1725 άναιρεῖ.
255 1637 392 1722 Ἀκάμας
415 1640 447 1704 δὲ
476 1638 507 1705 τά
532 1639 672 1722 κιβώτιον
702 1639 819 1717 άνοίξας
842 1640 976 1722 φάσματι
999 1646 1161 1727 κρατηθεὶς

87 1750 198 1817 άνεισιν
221 1754 271 1816 ἐπὶ
293 1750 345 1815 τάν
368 1755 460 1815 ἵππον
482 1753 533 1815 καί
553 1759 659 1816 τοῦτον
675 1751 805 1817 ἐλαύνων
827 1750 961 1827 άτοίκταις
982 1753 1160 1819 ἀπόλλυται·

86 1870 137 1927 τοῦ
160 1861 216 1948 γάρ
240 1866 336 1927 ίππου
360 1865 521 1944 σφαλέντος
543 1865 576 1926 ἐκ
604 1869 661 1927 τῶν
683 1862 834 1928 ὀπισθίων
856 1870 954 1948 μερῶν
975 1868 1160 1949 κατενεχθεὶς

87 1981 125 2061 τῷ
148 1975 258 2038 ἑαυτοῦ
281 1972 463 2058 ἐμπήγνυται
486 1977 572 2053 ξίφει.

169 2091 262 2150 Deest
283 2091 481 2150 insulsissima
503 2091 660 2151 historiola
681 2097 757 2151 teste
779 2094 918 2166 Roberto,
941 2099 975 2153 ut
997 2095 1102 2169 audio,
1125 2095 1158 2154 in

88 2203 217 2264 vetustis
239 2204 276 2262 ad
301 2204 531 2280 Lycophronem
553 2203 683 2262 scholiis.
727 2203 801 2263 fides
823 2204 915 2278 igitur
937 2225 1049 2264 summo
1072 2227 1160 2284 opere

89 2315 284 2374 imminuitur.
307 2314 455 2373 nescimus
465 2315 543 2372 unde
553 2315 725 2391 pervenerit
733 2316 771 2373 ad
779 2315 926 2390 Taetaem
937 2336 972 2375 ao
980 2336 1084 2392 parum
1095 2318 1159 2396 opi-

91 2447 144 2486 nor
160 2427 237 2485 scire
251 2426 367 2497 attinet,
391 2425 457 2504 quis
472 2425 523 2483 ille
536 2426 635 2499 fuerit,
659 2427 710 2506 qui
725 2426 818 2486 illotis
835 2428 970 2487 manibus
985 2429 1155 2508 Phyllidem

91 2538 329 2613 attrectaritsst).
369 2536 491 2596 infimae
506 2537 597 2596 aetati
616 2537 843 2597 adscribendum
857 2560 920 2598 esse
931 2541 1159 2601 homuncionem

88 2651 183 2710 elucet
199 2669 234 2709 ac
254 2649 328 2707 scite
344 2669 392 2707 me
412 2633 730 2723 monetKiesslingius‚
748 2669 823 2728 quae
835 2649 868 2709 in
879 2651 939 2711 fine
951 2653 987 2709 de
996 2656 1159 2712 Acamanta

91 2764 194 2842 equite
217 2760 335 2819 insania
357 2760 469 2834 agitato
492 2759 633 2833 leguntur
654 2760 807 2834 ingenium
824 2762 957 2823 redolere
978 2765 1069 2824 medii
1084 2767 1159 2825 aevi.

87 2893 144 2953 quo
179 2872 275 2946 magis
307 2870 388 2930 subit
409 2870 527 2930 miratio
551 2871 669 2929 Rohdio
692 2872 723 2950 (l.
740 2872 760 2931 1.
784 2894 812 2950 p.
831 2874 879 2932 27.
903 2875 970 2934 adn.
987 2876 1027 2954 3.)
1057 2878 1157 2937 nescio

148 3075 197 3141 σο)
215 3075 382 3135 expectaveris
400 3073 450 3125 τῶν
469 3066 485 3124 ί
495 3089 610 3139 στερον
628 3073 788 3141 καλουμένων
812 3068 854 3126 Ἐ.
867 3073 889 3127 o‘.
908 3078 978 3126 initio
999 3080 1092 3128 correxi
1113 3077 1155 3132 ee

82 3158 166 3225 προικὶ
184 3159 222 3226 τῇ
241 3157 396 3227 βασιλείῳ
415 3161 486 3209 codd.
506 3155 552 3227 τήν
571 3158 708 3228 βασιλείαν.

151 3249 196 3309 66)
213 3246 317 3294 forsitan
335 3261 364 3292 ex
382 3245 529 3306 Cypriorum
546 3245 649 3294 historia
673 3246 781 3295 fabulari
798 3249 933 3297 absurdum
950 3250 976 3297 in
994 3253 1095 3300 modum
1112 3255 1153 3301 de·

81 3334 148 3381 flexa
166 3337 240 3392 atque
258 3333 353 3379 detorta
371 3332 410 3380 sit.
445 3346 503 3378 nam
521 3332 547 3379 in
565 3330 674 3392 Cyprum
697 3347 778 3382 errore
797 3336 905 3383 deletum
922 3350 976 3384 esse
994 3338 1153 3395 Acamantem

82 3418 135 3483 (ant
146 3418 358 3478 Demophontem:
376 3413 570 3482 Plattoria.)
589 3417 707 3466 serebant.
744 3420 776 3466 of.
794 3419 916 3481 Lycophr.
929 3422 1000 3470 Alex.
1017 3426 1075 3472 447.
1093 3427 1150 3474 494.

82 3506 167 3565 Steph.
187 3505 247 3564 Byz.
267 3518 287 3552 s.
299 3519 323 3550 v.
336 3498 433 3568 Χίτροι
450 3503 519 3551 alios.
545 3505 575 3550 de
586 3503 722 3551 Acamanta
739 3506 908 3564 promunturio
925 3503 1031 3572 τοπικήν
1042 3507 1153 3572 ἱστορίαν

85 3592 194 3640 extitisse
212 3590 353 3638 subindicat
370 3588 434 3635 Sext.
453 3589 525 3648 Emp.
544 3589 601 3635 adv.
619 3603 720 3648 gramm.
734 3591 783 3650 lp.
797 3594 854 3640 257.
890 3594 962 3653 plura
979 3594 1010 3641 de
1028 3597 1151 3645 erroribus

82 3678 245 3724 Thesidarum
258 3676 414 3722 coacervavit
425 3675 455 3721 R.
469 3674 561 3721 Stichle
572 3674 662 3721 Philol.
674 3676 698 3721 X
710 3691 735 3736 p.
750 3679 798 3741 1460
811 3690 880 3737 sqq.,
899 3679 967 3727 cuius
980 3681 1107 3729 confusam
1120 3685 1151 3730 de

82 3761 196 3823 Phyllide
209 3759 408 3807 allucinationem
419 3765 529 3820 praestat
545 3761 653 3808 reticere.
673 3787 703 3797 -
723 3762 844 3809 cistellam
855 3763 939 3811 Rheae
955 3779 1059 3826 sacram,
1077 3783 1151 3827 qnam

83 3849 165 3908 puella
181 3861 273 3906 sponso
291 3845 425 3894 discedenti
443 3845 518 3892 tradit
534 3847 600 3905 apud
617 3846 738 3908 Tectam,
756 3847 897 3897 Lobeckius
914 3851 1035 3912 Aglaoph.
1054 3869 1078 3913 p.
1092 3856 1150 3901 290.

71 3934 113 3979 ,ιὰ
129 3933 250 3981 solemnia
267 3932 388 3978 Thracum
414 3932 482 3991 orgia
507 3932 596 3979 retulit.
615 3959 648 3967 —
666 3938 772 3980 ceterum
797 3947 852 3981 sero
876 3937 981 3995 cognovi
998 3938 1049 3985 sere
1067 3939 1149 3987 omnia

83 4019 112 4065 de
135 4019 251 4080 Phyllide
274 4018 414 4066 testimonia
440 4018 544 4065 collecta
566 4018 615 4065 iam
640 4032 694 4067 esse
712 4032 727 4065 a
744 4019 851 4068 Meursio
878 4021 908 4068 de
925 4037 975 4082 reg.
995 4022 1085 4073 Athen.
1104 4024 1148 4074 lib.

83 4103 156 4151 1110.
177 4108 199 4155 7.
