2504 4656
566 283 780 351 a„5ss..

135 445 256 523 mulque
284 443 473 503 confirmatur
504 441 632 519 suspicio
661 442 756 518 ipsam
777 438 859 498 illam
880 439 1015 497 secutum
1037 455 1099 494 esse
1120 435 1198 493 Naso.-

135 576 228 615 nem.·
256 574 322 613 narn
342 556 378 612 de
400 553 552 612 nominum
575 553 748 612 diversitate
767 550 837 631 quid
861 550 1048 610 statuendum
1072 544 1203 617 situatis
1243 562 1248 663 p

135 668 222 727 docui
239 669 337 743 capl.
360 666 462 744 itaque
477 670 594 742 praeter
610 665 731 724 nomina
753 661 949 742 exquisitiora
965 679 1004 718 ex
1022 659 1114 720 altero
1129 659 1201 717 fonte
1245 666 1248 721 3

135 780 248 838 inserta
270 777 388 837 fabulae
410 775 681 849 conformationem,
704 775 799 854 qualis
819 773 879 833 fuit
898 773 977 849 apud
999 768 1201 848 Colophonium

135 895 261 967 poetam,
285 892 432 948 servatam
454 889 540 948 uobis
562 908 626 947 esso
649 885 826 963 censeoll).

223 1004 322 1082 Atque
344 1001 417 1059 haec
440 1000 559 1079 quidem
581 1002 733 1059 haetenus.
776 1017 854 1056 nunc
876 998 913 1055 de
935 1001 999 1056 arte
1015 991 1202 1056 Ouidiuuain

135 1111 344 1190 componendis
366 1111 474 1171 fabulis
497 1110 669 1188 singillatim
693 1109 855 1168 videamus.

655 1313 692 1367 B.

461 1457 467 1467 =
482 1434 507 1488 1.
551 1427 598 1485 De
618 1426 746 1486 Penthei
768 1429 870 1487 morte.

396 1588 399 1593 ⁴
497 1537 556 1604 (ον.
569 1543 627 1587 mct.
639 1538 677 1586 111
689 1535 846 1600 511-733.)

212 1659 337 1718 Ovidius
356 1660 391 1717 de
407 1659 540 1718 Pentheo
557 1678 631 1737 quae
653 1657 790 1718 versibus
810 1656 971 1731 mandavit,
993 1657 1019 1717 si
1036 1657 1102 1736 quis
1117 1656 1206 1734 paullo

137 1772 317 1833 accuratiore
339 1771 437 1831 studio
459 1770 693 1846 perlustraverit,
716 1769 803 1828 facile
830 1788 896 1828 eum
913 1769 1131 1829 animadvertet
1155 1786 1207 1827 acu

140 1885 241 1942 eadem
271 1883 389 1942 dicendi
417 1882 627 1961 aequabilitate
657 1881 752 1940 fluere
780 1882 901 1960 ubique.
944 1899 1011 1941 narn
1042 1900 1108 1939 cum
1129 1878 1208 1939 initio

137 1993 245 2053 Bacchi
268 1996 441 2063 adveutum,
470 1993 613 2051 tumultus
635 1992 854 2065 bacchantium,
883 1991 1011 2052 Penthei
1036 1991 1209 2067 obiurgatio·

139 2124 192 2162 nos
215 2105 332 2181 copiose
354 2104 551 2181 descripserit,
574 2105 725 2181 personati
749 2109 875 2163 Acoetae
897 2103 1062 2169 orationem
1083 2104 1123 2163 de
1144 2103 1212 2180 Tyr·

138 2215 241 2274 rhenis
264 2216 385 2276 mutatis
408 2236 424 2274 e
452 2217 533 2275 fonte
561 2216 713 2291 incognito
741 2214 969 2292 interposuerit,
998 2234 1075 2293 quae
1096 2218 1212 2286 restant,

140 2327 219 2402 capti
235 2327 282 2385 dei
298 2328 434 2386 liberatio
447 2328 632 2404 paucissimis
647 2328 748 2387 verbis
764 2327 926 2399 conficitur,
942 2325 1131 2386 obtruncatio
1142 2326 1213 2384 Peu-

138 2438 202 2496 thei
224 2439 332 2514 raptim
355 2439 495 2497 adfinem
516 2438 695 2515 perducitur.
740 2441 818 2518 quod
842 2439 986 2517 quomodo
1008 2437 1214 2514 explicandum

140 2548 181 2607 sit
203 2549 301 2608 statim
324 2549 552 2625 perspiciemus,
571 2556 605 2610 ut
626 2551 754 2626 primum
776 2553 813 2610 de
834 2554 919 2626 parte
941 2548 1041 2625 priore
1063 2548 1216 2626 egerimus.

139 2660 292 2736 Euripidis
321 2661 473 2737 tragoedia
508 2661 692 2721 nobilissima
726 2683 811 2721 usum
841 2681 905 2721 esse
936 2660 1078 2720 Ovidium
1108 2662 1216 2720 dudum

140 2771 328 2831 intellectum
351 2776 405 2832 ert.
448 2773 528 2832 locos
551 2793 625 2853 quos
650 2774 730 2834 iuter
757 2795 789 2832 se
811 2772 975 2850 comparari
997 2772 1085 2833 iuvat
1107 2773 1217 2850 gravis·

140 2882 229 2942 simos
251 2884 412 2944 novissime
433 2885 582 2960 congessit
596 2886 762 2964 Hauptius3
787 2906 860 2965 quos
873 2886 956 2945 bisce
977 2887 1084 2957 addas„
1100 2905 1141 2945 ne
1157 2886 1217 2945 lon·

141 3015 195 3069 gus
217 2996 288 3068 sim,
318 2995 349 3053 in
372 2995 619 3074 adnotationem)
641 2986 773 3056 breviter
802 2997 949 3089 indicabo.
993 3002 1084 3076 atque
1106 2997 1218 3057 littera·

214 3199 256 3265 78)
274 3200 336 3247 tales
355 3213 428 3247 sexus
452 3200 600 3248 mutationes
623 3201 717 3261 largam
742 3201 867 3249 veteribus
890 3200 1058 3262 praebuerunt
1078 3202 1217 3262 disputandi

142 3286 277 3333 materiam.
314 3287 394 3332 locum
411 3285 485 3330 Plinii
497 3286 527 3330 N.
539 3285 570 3331 H.
584 3287 634 3333 VII
647 3290 678 3335 36
698 3288 747 3334 iam
758 3288 868 3334 Kornius
887 3287 976 3334 attulit.
994 3287 1024 3333 cf.
1039 3292 1140 3346 praeter
1155 3289 1217 3335 hunc

142 3371 277 3417 l'hilodcm.
304 3364 361 3432 aspi
380 3367 492 3432 σημείων
517 3375 566 3418 α8
595 3368 689 3420 ..καὶ
707 3365 721 3421 c‘
739 3368 868 3435 ququclc
887 3366 923 3429 ὠς
940 3368 1064 3434 naphtae:
1082 3368 1120 3435 (ἐν
1137 3368 1216 3439 ’Ebu-

143 3453 230 3519 δαύρῳ
246 3446 356 3503 κᾶπειτα
374 3449 528 3519 perimeres)
547 3447 612 3518 durio
629 3461 654 3503 ct
671 3457 781 3504 Euenum
800 3460 830 3504 Α.
838 3458 866 3503 Ρ.
885 3457 921 3504 IX
940 3459 998 3516 608,
1016 3456 1060 3505 ubi
1078 3458 1217 3507 Chalcidica

142 3541 234 3588 fabella
251 3539 397 3586 celebratur.
434 3539 552 3587 indicavit
569 3541 629 3586 mihi
648 3542 860 3590 Wilamouitaius.

212 3622 254 3687 80)
272 3622 320 3670 Ov.
339 3638 364 3669 v.
379 3625 429 3671 588
441 3637 494 3682 sqq.
509 3645 542 3665 ε
554 3626 612 3671 Eur.
631 3627 721 3675 Bacch.
742 3631 774 3678 35
787 3642 840 3688 sqq.
867 3630 896 3675 N.
915 3631 947 3676 58
962 3642 1015 3688 sqq.
1035 3626 1096 3694 (186
1110 3646 1148 3690 sq.
1169 3632 1216 3678 155

143 3711 209 3770 sqq.)
227 3711 277 3758 530
290 3726 324 3749 ==
337 3711 384 3755 881
395 3723 448 3768 sqq.
470 3712 518 3757 685
528 3725 582 3769 sqq.
600 3713 650 3759 538
658 3728 711 3772 sqq.
722 3734 755 3754 e:
771 3717 818 3761 851
829 3728 883 3773 sqq.
911 3715 1023 3772 dhhsqq.
1042 3734 1077 3757 ε
1096 3718 1154 3765 835.
1169 3719 1216 3766 458

143 3810 197 3856 sqq.
207 3797 255 3844 557
269 3810 305 3854 sq.
319 3815 354 3835 ==
373 3794 421 3842 839
434 3808 487 3853 sqq.
512 3794 715 3859 (commentaque
733 3799 808 3846 sacra'
834 3799 984 3859 respondent
1001 3799 1142 3852 πλασταῖσι
1159 3803 1216 3870 βακ-

143 3879 250 3948 χείαισιν
267 3896 294 3926 v.
313 3882 458 3938 218).·562
473 3894 576 3939 sqq.=
595 3883 643 3928 358
656 3898 709 3943 sqq.
737 3887 786 3933 780
799 3899 835 3943 sq.
865 3885 912 3932 708
926 3898 1008 3943 sq.=
1029 3887 1087 3933 788.
1122 3902 1217 3949 pugnae

145 3981 218 4027 quam
237 3968 287 4013 578
300 3981 335 4024 sq.
361 3965 499 4012 subindicat
523 3967 653 4026 fingendae
679 3984 764 4016 anuum
787 3970 902 4016 videntur
920 3969 1064 4030 praebuisse
1082 3974 1122 4021 dei
1139 3974 1217 4022 minuc

144 4055 177 4100 50
193 4066 248 4110 sqq.
285 4052 315 4097 of.
334 4053 392 4099 857.
417 4053 466 4100 570
480 4054 642 4111 sqq.=460
656 4067 710 4112 sqq.
746 4055 808 4101 adde
832 4057 881 4103 437
894 4069 930 4112 sq.
959 4058 1008 4104 set
1022 4062 1168 4117 sq.=509
1180 4074 1216 4119 sq.

144 4142 251 4185 ceterum
276 4138 387 4198 graviter
411 4137 504 4183 erravit
530 4135 558 4183 0.
577 4136 727 4186 Ribbechius
752 4140 839 4203 (affim-
858 4138 928 4200 trag!
945 4155 970 4200 p.
987 4141 1035 4188 880
1048 4146 1099 4203 sq.)
1117 4142 1216 4191 Pacuvii
