2504 4656
492 249 705 317 -31..

50 425 138 480 grate
169 407 364 482 desperamus.
409 406 547 499 damnum
565 409 609 467 ut
636 404 737 484 aliqua
765 424 804 466 ex
830 408 916 482 parte
944 404 1127 478 resarciatur,

48 517 140 581 testis
163 515 444 593 circumspiciendus
465 515 538 590 erit,
568 536 656 596 quem
677 515 876 577 narrationem
898 510 1125 577 Callimacheam

48 631 124 691 aute
147 628 245 687 oculos
267 627 406 689 habuisse
427 632 508 687 certa
528 627 643 691 radone
664 627 783 704 probari
804 626 882 687 licet.

142 738 267 799 Ovidius
289 739 397 801 remed.
417 743 475 797 591
489 757 554 816 sqq.
576 737 686 798 multus
716 743 762 798 est
782 739 820 797 de
842 737 981 816 Phyllide
1002 738 1127 799 deserta

48 871 68 911 e
92 850 239 925 versibus,
261 870 335 930 quos
355 869 441 913 nnnc,
453 868 514 911 non
529 849 738 913 transscribsm
747 852 960 926 perpetuos-
972 848 1029 908 erit
1047 850 1141 909 enim,

44 962 88 1021 de
111 961 155 1021 eis
176 962 314 1038 proprius
335 960 500 1021 disserendi
522 961 604 1021 loeus
625 994 667 1005 -
688 960 721 1019 in
744 980 862 1021 censum
884 961 969 1020 venit
992 961 1070 1020 597:

97 1096 100 1133 :
178 1072 299 1150 ,perfide
318 1067 521 1148 Demophoon'
543 1072 648 1131 surdas
669 1070 814 1131 clamabat
835 1072 873 1131 ad
894 1073 996 1131 undas.

42 1183 131 1247 hunc
152 1202 191 1242 ex
211 1183 408 1245 Callimacheo
430 1180 538 1259 supple
560 1173 839 1262 Appopo'orv,iidsas
864 1177 926 1253 ξένε
948 1201 1121 1259 expressum

47 1313 118 1353 esse
140 1293 293 1355 verissime
316 1293 421 1354 stahrit
435 1293 570 1353 Rohdius
592 1294 647 1355 ll.
670 1314 699 1370 p.
715 1274 783 1353 12'9.
805 1293 908 1373 itaque
930 1293 1036 1354 ceteris
1052 1314 1125 1374 quc-

10 1454 15 1465 .
47 1424 112 1484 qne
133 1424 188 1482 pro
202 1405 408 1465 Callimcohcis
429 1405 474 1465 uti
496 1406 541 1465 iss
557 1405 622 1465 erit.
656 1404 785 1485 denique
806 1405 974 1465 adhibenda
996 1411 1040 1465 est
1054 1406 1126 1464 Ovi·

47 1516 251 1593 diiepistnla-
264 1519 400 1577 secunda.
444 1537 533 1598 quam
559 1494 679 1577 auomrc
708 1518 810 1577 eodem
840 1515 1030 1593 compositam
1061 1535 1124 1576 asse

10 1634 16 1671 ·'
48 1642 118 1689 cum
140 1647 193 1705 per
222 1648 255 1689 se
277 1628 320 1691 sit
347 1627 529 1693 simillimum
559 1627 640 1700 reri,
670 1632 735 1688 tum
761 1628 876 1689 conlato
898 1627 1042 1705 Procopio
1065 1648 1127 1689 ocr-

10 1714 26 1793 i.
49 1744 117 1801 tum
136 1740 199 1801 fiet.

10 1886 21 1937 3·
113 1884 116 1889 ·
135 1851 193 1911 His
213 1850 306 1927 igitur
327 1851 448 1919 acribia
461 1850 638 1928 comparatis
655 1869 772 1911 cursum
788 1849 967 1911 narrationis
986 1849 1125 1930 persequi

51 1965 192 2027 conabor.
254 2002 256 2007 -

10 2074 33 2165 ἓ
136 2074 312 2151 Demophon
335 2074 444 2135 Thesei
470 2073 550 2133 filius
575 2073 692 2135 rediens
714 2092 730 2132 e
751 2073 829 2133 bello
853 2072 980 2134 Troiano
1003 2073 1037 2133 in
1060 2094 1123 2134 eam

10 2164 29 2197 ’ὲ
51 2186 195 2251 Thraciae
216 2186 381 2261 regionem,
411 2185 463 2245 ubi
484 2185 611 2262 posteris
632 2185 814 2261 temporibus
841 2185 898 2245 sita
920 2185 978 2245 tuit
999 2186 1124 2262 Amphi-

10 2200 128 2405 *polis¹
155 2299 245 2371 urbs„
270 2296 409 2374 procellis
434 2297 549 2357 delatus
580 2303 633 2356 est
677 2297 851 2372 naufragum
874 2296 990 2375 Phyllis
1020 2299 1124 2374 regius

10 2408 29 2469 i·
46 2409 181 2487 hospitio
217 2409 350 2485 excepit,
382 2409 475 2481 fovit,
510 2407 638 2479 amavit,
669 2406 806 2483 coniugio
828 2406 886 2466 sibi
912 2407 1022 2469 iunxit.
1070 2409 1122 2470 ille

10 2476 200 2601 ideaiderio
230 2520 343 2597 patriae
379 2524 483 2597 captus
512 2519 601 2596 petiit
631 2520 668 2578 ab
690 2537 741 2591 ea,
773 2525 807 2577 ut
834 2537 865 2577 se
888 2518 1052 2581 dimitteret
1075 2541 1122 2580 res

10 2616 14 2639 ⁵
41 2653 116 2695 suus
139 2631 219 2693 domi
241 2632 453 2705 ordinaturum,
482 2630 531 2689 die
552 2629 711 2690 constituta
733 2629 868 2688 reducem
898 2649 929 2691 se
951 2633 1014 2692 fore
1035 2633 1123 2710 polli-

41 2745 135 2806 citus.
170 2745 223 2803 sed
244 2763 310 2803 cum
329 2742 520 2815 discessisset,
543 2741 653 2801 oblitus
675 2749 721 2801 est
742 2740 876 2818 coniugis
898 2743 1122 2804 amantissimae.

66 2884 106 2911 .·.
135 2856 220 2917 Haec
243 2875 319 2935 quae
335 2855 503 2915 commodae
517 2852 738 2930 perspicuitatis
760 2873 847 2913 causa
868 2855 971 2930 paucis
992 2874 1123 2932 compre·

39 2967 160 3040 hendi,
180 2966 240 3029 iam
261 2967 334 3028 loeis
355 2967 515 3044 praecipue
537 2985 575 3027 ex
598 2964 726 3042 epistula
746 2964 895 3025 Ovidiana
915 2965 1018 3041 petitis
1039 2966 1123 3026 dein·

37 3100 116 3158 ceps
136 3078 287 3139 illustrare
308 3078 399 3138 iurat
433 3077 669 3154 Demophontem
683 3095 777 3153 paene
795 3077 970 3152 naufragum
985 3079 1021 3136 ad
1041 3097 1121 3137 oram

37 3211 131 3253 suam
158 3189 284 3251 mribus
310 3189 461 3267 appulisse
486 3193 533 3249 ter
561 3188 730 3249 subindicat
757 3187 888 3264 Phyllis,
917 3208 983 3247 cum
1011 3189 1121 3249 scribat

37 3324 70 3365 r.
99 3305 216 3380 45qu

102 3450 105 3455 ·
201 3417 232 3473 at
251 3413 363 3474 laceras
385 3411 475 3472 etism
496 3431 611 3489 puppes
632 3409 743 3473 furiosa
764 3411 865 3485 refeci,

249 3528 284 3583 ut
306 3543 364 3602 qua
385 3524 543 3598 desererer,
564 3524 648 3583 firma
669 3522 769 3583 carine
790 3521 881 3583 foret!

38 3644 74 3698 et
99 3640 141 3695 55
156 3654 215 3713 sq.:

155 3765 213 3806 nec
234 3765 362 3819 moveor,
385 3747 465 3825 quod
486 3752 516 3806 te
537 3746 602 3808 iuvi
623 3754 771 3826 portuque
791 3747 993 3828 locoque4³):

202 3858 306 3917 debuit
325 3859 398 3917 hacc
421 3858 520 3918 meriti
542 3878 653 3919 summe
674 3859 766 3919 fuisse
788 3860 862 3919 mei!

39 4003 252 4016 ...μ-υ·-

112 4104 160 4172 43)
177 4105 259 4169 inepte
274 4106 372 4154 Blesius
389 4106 590 4167 interrogationis
608 4107 705 4168 signum
722 4113 779 4168 post
796 4105 914 4170 ⁴locoqne’
931 4108 1020 4169 posuit.
